2170 3475
294 259 446 295 LXXVI
1026 252 1220 288 Praefatio.

296 373 352 415 ad
382 371 587 425 liquidum
618 367 808 424 perducti
839 370 991 419 essent,
1025 365 1097 409 diu
1127 366 1233 409 haec
1264 366 1480 409 uolumina
1508 366 1551 408 in
1583 367 1746 410 scriniis
1777 369 1958 412 retinere

296 440 527 490 debebam,
559 451 652 479 cum
690 434 861 489 Iosephi
898 438 960 476 tot
990 433 1087 475 libri
1118 432 1279 477 diutino
1310 434 1457 477 labore
1486 434 1558 476 uix
1589 435 1643 477 ab
1675 449 1756 479 uno
1787 437 1959 480 homine

298 507 353 548 ad
398 505 680 561 puluisculum
719 502 859 545 excuti
897 504 1081 556 possent.
1143 514 1272 554 quare
1311 501 1357 544 id
1395 503 1534 558 potius
1564 503 1667 545 mihi
1697 504 1959 559 propositum

297 586 390 616 esse
422 571 676 625 existimaui,
707 576 753 614 ut
783 569 927 624 copias
959 582 985 609 a
1016 582 1085 611 me
1116 569 1317 612 collectas
1349 574 1391 612 et
1421 570 1567 613 ordine
1599 571 1828 625 dispositas
1858 572 1958 615 uiris

296 640 430 683 doctis
461 639 683 692 traderem,
717 638 869 694 quibus
900 637 963 679 usi
993 636 1050 679 ad
1070 636 1296 691 Iosephum
1329 638 1628 692 explicandum
1660 643 1702 680 et
1732 638 1957 682 emendan-

296 709 395 751 dum
427 707 698 760 accederent,
738 719 817 748 nec
846 704 1031 759 grauiter
1061 704 1216 759 feram,
1253 705 1289 747 si
1321 706 1413 758 quis
1442 706 1485 748 in
1515 705 1787 748 restituendis
1817 706 1960 749 uerbis

294 776 464 831 Iosephi
502 789 570 819 me
608 787 737 829 saepe
777 786 939 816 errasse
976 772 1199 827 putauerit.
1259 773 1332 815 alii
1363 786 1524 816 errores
1555 774 1687 817 multo
1719 774 1855 828 magis
1886 787 1958 816 ex-

295 843 543 887 timescendi
575 846 683 897 sunt,
716 842 786 895 qui
816 842 860 883 in
893 840 1154 883 excutiendis
1186 840 1401 882 codicibus
1433 841 1538 883 etin
1559 842 1753 896 paranda
1774 841 1959 885 editione

297 912 501 955 committi
527 915 568 952 et
588 914 763 965 possunt
794 913 836 951 et
857 909 1004 951 solent.
1057 907 1155 949 dum
1188 907 1299 950 enim
1331 907 1499 952 codices
1529 913 1853 964 perscrutamur,
1885 908 1959 951 ali-

297 980 399 1034 quid
428 979 638 1022 interdum
659 977 868 1021 delitescit
899 982 940 1019 et
960 975 1224 1031 praeteritur,
1256 990 1349 1018 cum
1380 977 1505 1020 facile
1536 978 1646 1020 oculi
1677 981 1719 1020 et
1749 989 1868 1020 mens
1889 976 1959 1019 de-

295 1048 451 1101 ficiant,
483 1052 568 1099 aut,
598 1046 642 1088 id
666 1045 779 1100 quod
799 1046 842 1087 in
863 1045 928 1087 his
950 1044 1167 1087 codicibus
1187 1046 1438 1099 plerumque
1458 1045 1569 1088 lectu
1589 1045 1802 1088 facillimis
1823 1045 1961 1088 minus

295 1116 386 1158 fieri
416 1116 565 1170 potuit,
596 1115 708 1157 male
740 1113 916 1167 legitur,
947 1117 1020 1154 aut
1049 1127 1132 1155 non
1163 1118 1276 1156 recte
1307 1113 1349 1154 in
1382 1112 1609 1156 editionem
1640 1113 1818 1155 refertur
1847 1112 1960 1166 quod

298 1198 351 1227 ex
383 1182 598 1226 codicibus
629 1182 671 1223 in
702 1180 882 1224 schedas
916 1184 1131 1224 enotatum
1153 1184 1226 1223 est.
1279 1195 1305 1224 a
1338 1182 1489 1234 quibus
1519 1181 1728 1224 erroribus
1759 1184 1962 1234 quantum

296 1251 413 1306 potui
445 1263 596 1294 cauere
626 1249 788 1303 studui,
830 1262 923 1291 cum
953 1249 1108 1291 multos
1140 1248 1331 1291 codicum
1363 1249 1478 1291 locos
1510 1253 1582 1291 aut
1612 1249 1702 1304 ipse
1734 1252 1808 1291 aut
1837 1247 1963 1291 amici

297 1334 323 1362 a
352 1332 419 1361 me
451 1318 587 1371 rogati
619 1317 756 1360 denuo
788 1316 1055 1371 inspicerent,
1086 1320 1129 1358 et
1157 1317 1199 1358 in
1233 1317 1493 1370 corrigendis
1515 1317 1700 1372 plagulis
1721 1330 1804 1359 non
1825 1316 1962 1359 solum

297 1387 354 1430 ad
385 1386 600 1441 exemplar
630 1384 863 1439 typothetis
901 1383 1122 1438 traditum,
1161 1383 1238 1426 sed
1277 1384 1403 1427 etiam
1444 1384 1500 1426 ad
1531 1384 1712 1427 schedas
1742 1383 1963 1439 primarias

298 1467 463 1510 semper
502 1465 778 1505 recurrerem,
826 1452 1006 1504 denique
1044 1465 1127 1494 non
1166 1466 1261 1495 raro
1301 1452 1505 1495 Bernardi
1545 1457 1618 1494 aut
1658 1451 1851 1495 Hudsoni
1891 1455 1964 1494 aut

298 1520 589 1575 Hauerkampi
620 1524 850 1575 apparatus
882 1520 1041 1562 auxilio
1071 1533 1280 1563 uocarem.

412 1591 462 1632 In
492 1589 603 1631 notis
633 1587 775 1630 uarias
806 1586 996 1630 codicum
1028 1587 1230 1630 lectiones
1260 1588 1320 1630 ita
1350 1588 1540 1642 apposui,
1574 1592 1618 1630 ut
1648 1588 1750 1641 quid
1779 1589 1822 1630 in
1852 1587 1964 1631 codi-

300 1658 417 1701 cibus
457 1657 511 1699 sit
552 1669 687 1710 quoue
727 1656 819 1697 loco
861 1655 914 1697 sit
954 1654 1138 1697 dubitari
1168 1669 1250 1698 non
1281 1656 1425 1710 possit.
1487 1655 1792 1711 discrepantias
1824 1661 1966 1699 autem

302 1725 494 1768 codicum
525 1723 622 1766 dedi
654 1736 798 1765 omnes
830 1736 881 1765 ne
903 1723 1194 1766 minutioribus
1226 1722 1395 1776 quidem
1428 1724 1552 1766 rebus
1583 1730 1654 1766 aut
1685 1724 1798 1767 uitiis
1827 1724 1966 1767 ortho-

299 1792 514 1848 graphicis
547 1791 746 1846 exceptis.
798 1790 921 1833 omisi
951 1795 1091 1834 tamen
1123 1796 1379 1834 correcturas
1411 1791 1608 1833 uitiorum
1641 1792 1965 1846 leuissimorum,

301 1862 419 1905 uelut
450 1862 753 1903 elementorum
788 1876 806 1914 r,
842 1863 884 1901 et
915 1875 930 1900 ι
960 1863 1291 1913 permutatorum
1333 1864 1405 1900 aut
1435 1859 1604 1902 litterae
1635 1860 1817 1902 omissae
1837 1859 1879 1914 ¹),
1911 1860 1966 1902 ab

301 1929 394 1984 ipso
426 1927 599 1971 librario
631 1927 740 1968 inter
774 1925 1042 1969 scribendum
1079 1930 1151 1969 aut
1187 1927 1330 1981 paullo
1366 1930 1461 1981 post
1497 1941 1622 1969 manu
1653 1929 1789 1981 prima
1819 1928 1965 1970 factas.

302 2010 447 2040 uerum
480 1996 514 2038 si
544 1995 687 2049 plures
718 1994 814 2036 libri
841 1995 883 2036 in
905 1995 979 2036 tali
1002 1994 1259 2036 correctione
1282 1994 1614 2048 consentiebant,
1647 1995 1966 2038 memorandum

303 2077 397 2108 esse
420 2063 534 2106 duxi.
585 2063 706 2106 omisi
730 2063 857 2105 etiam
892 2080 911 2104 ι’
945 2060 1252 2118 ἒ([ε).κι·στικόν
1284 2061 1396 2114 quod
1424 2062 1576 2104 dicitur
1605 2066 1702 2105 ante
1735 2076 1966 2106 consonan-

302 2139 387 2176 tem
418 2131 663 2184 admissum,
695 2130 829 2173 sicubi
860 2130 902 2172 in
925 2130 989 2173 SP
1021 2130 1122 2173 solis
1140 2130 1326 2183 extabat,
1359 2129 1402 2170 id
1425 2129 1539 2182 quod
1562 2143 1690 2185 saepe
1712 2132 1868 2173 factum
1891 2136 1968 2186 est,

303 2206 376 2242 aut
405 2200 447 2242 in
472 2200 532 2242 eis
563 2199 771 2241 ambobus
803 2199 992 2241 alteroue
1014 2211 1177 2240 erasum
1205 2204 1314 2249 erat3
1346 2211 1422 2240 nec
1445 2199 1587 2240 curaui
1612 2215 1623 2239 ι
1649 2203 1822 2253 mutum,
1854 2197 1967 2252 quod

305 2268 474 2322 quidem
504 2268 751 2322 plerumque
784 2267 825 2307 in
857 2265 1071 2309 codicibus
1101 2271 1269 2320 praeter
1299 2266 1332 2306 P
1366 2279 1448 2307 non
1480 2270 1608 2319 extat,
1641 2265 1722 2308 nisi
1752 2267 1880 2309 aliam
1911 2267 1965 2310 ob

304 2350 475 2380 causam
506 2334 825 2377 memorandum
868 2338 967 2377 erat.
1029 2334 1149 2376 omisi
1189 2337 1409 2388 praeterea
1449 2333 1618 2388 spiritus
1657 2339 1729 2376 aut
1768 2340 1968 2378 accentus

303 2410 376 2448 aut
414 2404 590 2448 omissos
629 2406 701 2444 aut
741 2407 948 2444 correctos
990 2408 1062 2444 aut
1102 2401 1298 2452 uitiosos,
1340 2404 1383 2442 ut
1415 2401 1527 2453 quod
1560 2402 1601 2443 in
1634 2403 1668 2443 R
1700 2403 1869 2457 saepius
1902 2407 1968 2445 est

305 2472 501 2515 ἔπεσθαι
543 2485 623 2513 non
665 2469 861 2511 ἕπεσθαι
900 2475 941 2511 et
978 2470 1020 2511 in
1051 2470 1084 2511 P
1132 2466 1335 2523 ἡγεῖσθαι
1375 2482 1426 2511 ex
1469 2464 1673 2523 ἤγεῑσθαι
1721 2475 1966 2524 correctum,

305 2546 346 2584 et
377 2553 486 2595 quae
516 2538 557 2580 in
589 2538 782 2581 omnibus
814 2538 932 2580 libris
962 2538 1088 2590 uulgo
1120 2538 1340 2579 traduntur
1371 2536 1577 2589 ἐμποδών
1609 2542 1650 2579 et
1682 2535 1892 2587 ἐκποδῶν,
1926 2542 1968 2580 et

306 2605 480 2664 ᾗρεμεῖν
510 2621 592 2649 non
627 2602 822 2662 ιζρεμεῑν,
862 2610 903 2647 et
933 2603 985 2660 flet]
1033 2604 1078 2646 δὲ·
1110 2619 1190 2647 non
1221 2604 1342 2660 [arde.
1376 2611 1415 2646 et
1447 2605 1615 2659 Saepius
1645 2603 1724 2657 μὲν
1753 2603 1807 2646 δὲ’
1835 2605 1968 2648 rarius

305 2674 372 2733 ‚uis
404 2681 444 2719 et
465 2667 514 2717 ε’ἲν
533 2674 642 2716 binis
669 2673 911 2716 accentibus
933 2678 1092 2726 ornata,
1125 2678 1165 2715 ct
1197 2672 1309 2725 quod
1339 2673 1541 2714 Marciani
1574 2673 1769 2715 librarius
1798 2673 1968 2728 saepius

306 2744 473 2799 scripsit
502 2742 784 2784 mutinam·
817 2747 858 2783 et
891 2755 1089 2795 στρατια,
1121 2741 1289 2793 aliaque
1314 2739 1551 2782 huiusmodi
1580 2742 1724 2793 multa,
1756 2741 1834 2783 nisi
1867 2739 1967 2793 quid

306 2817 379 2856 aut
409 2811 589 2867 plurium
621 2810 811 2853 codicum
845 2822 1049 2852 consensu
1081 2815 1153 2851 aut
1184 2809 1267 2850 alia
1305 2807 1356 2850 dc
1388 2821 1515 2849 causa
1547 2809 1820 2851 memorabile
1851 2807 1965 2850 uide-

308 2881 441 2922 batur.
497 2877 670 2921 enclisin
703 2892 870 2930 quoquc
902 2884 974 2919 aut
1005 2877 1239 2930 neglectam
1274 2881 1345 2917 aut
1377 2881 1577 2917 mutatam
1611 2876 1821 2929 praeterii,
1853 2875 1969 2918 uelut

427 3028 457 3066 1)
481 3023 580 3058 uelut
606 3023 699 3066 quod
727 3022 792 3057 sub
819 3022 899 3056 libri
918 3022 950 3056 II
977 3022 1081 3056 finem
1107 3021 1143 3055 in
1162 3020 1199 3054 M
1226 3020 1299 3055 fore
1325 3030 1464 3063 sempor
1488 3030 1559 3053 non
1586 3023 1627 3053 ιζ).
1654 3020 1715 3054 scd
1741 2998 1759 3054 5.
1786 3019 1967 3054 scribitur.
