2160 3439
296 177 374 214 168
783 175 944 218 ANTIQ.
969 175 1065 211 IUD.
1091 175 1145 210 ΙΙΙ
1168 179 1303 212 49-54
1327 179 1410 218 (113.
1427 178 1458 219 4)

291 290 370 345 μὲν
407 288 502 332 υἱὸν
542 289 683 345 φυλῆς
719 290 796 344 τῆς
828 283 1180 345 Ἐφραιμίτιδος,
1228 284 1538 346 ἀνδρειότατον
1584 289 1631 331 δὲ
1669 290 1743 333 καὶ
1787 288 1953 340 πόνους

292 355 540 413 ὑποστῆναι
568 364 767 411 γενναῖον
797 357 871 398 καὶ
902 358 1061 412 νοῆσαί
1090 371 1137 397 τε
1166 357 1239 399 καὶ
1269 356 1413 400 εἰπεῖν
1445 356 1714 400 ἱκανώτατον
1743 359 1816 401 καὶ
1837 360 1953 415 θρη-

294 423 503 467 σκεύοντα
539 422 616 466 τὸν
652 422 764 466 θεὸν
804 422 1036 479 ἐκπρεπῶς
1073 424 1146 466 καὶ
1177 427 1378 481 Μωυσῆν
1416 424 1682 469 διδάσκαλον
1721 427 1799 483 τῆς
1837 424 1954 482 πρὸς

295 488 425 534 αὐτὸν
465 486 688 546 εὐσεβείας
725 494 1025 548 πεποιημένον
1063 490 1310 545 τιμώμενόν
1348 509 1396 535 τε
1434 491 1557 548 παρὰ
1595 501 1689 543 τοῖς
1722 490 1951 549 Ἑβραίοις.

227 557 429 616 5013ραχυ
463 558 510 601 δέ
539 576 583 601 τι
613 560 715 613 περὶ
738 558 787 601 τὸ
820 554 937 615 ύδωρ
969 557 1093 609 έταξε
1123 561 1210 601 τῶν
1241 556 1438 603 ὁπλιτῶν
1469 560 1544 604 ἐπὶ
1577 561 1747 618 φυλακῇ
1778 561 1954 605 παίδων

293 629 366 670 καὶ
395 628 611 682 γυναικών
640 629 718 669 τοῦ
746 643 794 669 τε
825 625 994 677 παντὸς
1025 627 1342 683 στρατοπέδου.
1401 630 1474 671 καὶ
1517 628 1646 671 νύκτα
1673 629 1760 706 ἶμὲν
1801 631 1953 671 πᾶσαν

295 712 338 738 εν
368 703 670 751 παρασκευαῖς
700 685 811 751 ἦσαν
841 697 929 738 τῶν
959 711 1008 738 τε
1038 689 1190 738 όπλων
1222 695 1264 738 εἴ
1291 713 1335 739 τι
1377 695 1627 753 πεπονηκὸς
1664 694 1716 752 ἦν
1757 692 1954 751 ἀναλαμ-

292 762 499 818 βάνοντες
529 764 602 805 καὶ
632 772 726 813 τοῖς
758 772 1018 821 στρατηγοῖς
1048 765 1350 818 προσέχοντες,
1381 760 1442 814 ὥς
1471 761 1739 820 ὁρμήσοντες
1769 761 1845 807 επὶ
1875 763 1954 820 τὴν

293 830 436 888 μάχην
468 827 607 873 ὁπότε
637 830 879 874 κελεύσειεν
911 827 1069 881 αὐτοὺς
1090 833 1302 888 ΖΙΙωυσῆς.
1355 831 1610 889 διηγρύπνει
1642 831 1687 874 δὲ
1717 833 1791 875 καὶ
1812 835 1955 874 Μωυ-

296 901 373 955 σῆς
404 894 708 941 ἀναδιδάσκων
737 897 815 942 τὸν
839 894 1004 956 Ἰησοῦν
1041 897 1090 942 ὂν
1120 898 1288 955 τρόπον
1329 898 1521 950 ἐκτάξειε
1549 898 1599 942 τὸ
1641 898 1956 955 στρατόπεδον.

228 973 276 1012 51
296 963 509 1024 ἠργμένης
540 966 586 1009 δὲ
616 963 886 1023 ὑποφαίνειν
906 969 982 1023 τῆς
1012 963 1177 1022 ἡμέρας
1209 958 1343 1018 αὖθις
1362 967 1439 1010 τόν
1468 983 1516 1009 τε
1531 961 1696 1024 Ἰησοῦν
1717 966 1957 1024 παρεκάλει

293 1035 428 1092 μηδὲν
455 1038 633 1090 χείρονα
664 1037 857 1092 φανῆναι
887 1033 998 1077 κατὰ
1020 1033 1068 1077 τὸ
1104 1034 1228 1091 ἔργον
1259 1038 1336 1091 τῆς
1368 1031 1500 1092 οὔσης
1531 1035 1634 1089 περὶ
1667 1029 1798 1077 αὐτὸν
1829 1033 1956 1078 ἐλπί-

296 1104 370 1154 δος
402 1101 532 1152 δόξαν
562 1118 609 1145 τε
641 1100 714 1145 διὰ
745 1105 821 1158 τῆς
850 1102 1079 1161 παρούσης
1109 1103 1365 1160 κτήσασθαι
1406 1105 1670 1159 στρατηγίας
1707 1100 1833 1158 παρὰ
1862 1111 1958 1153 τοῖς

297 1167 554 1226 ἀρχομένοις
586 1169 662 1213 ἐπὶ
691 1179 787 1221 τοῖς
815 1174 1128 1228 γεγενημένοις,
1159 1174 1246 1215 τῶν
1277 1188 1325 1214 τε
1352 1168 1562 1227 Ἑβραίων
1583 1168 1686 1221 τοὺς
1717 1165 1957 1226 ἀξιολογω-

294 1234 453 1289 τάτους
492 1238 586 1296 ἰδίᾳ
626 1237 867 1292 παρεκάλει
905 1240 975 1282 καὶ
1019 1238 1197 1293 σύμπαν
1236 1235 1318 1297 ἤδη
1356 1237 1406 1282 τὸ
1450 1240 1630 1295 πλῆθος
1675 1234 1957 1293 ὡπλισμένον

230 1312 281 1351 52
300 1306 536 1363 παρώρμα.
596 1307 669 1349 καὶ
700 1303 722 1349 ὁ
754 1306 833 1361 μὲν
865 1301 1003 1357 οὕτως
1033 1306 1432 1365 παραστησάμενος
1462 1306 1538 1350 τὸν
1569 1305 1757 1363 στρατὸν
1786 1315 1882 1357 τοῖς
1910 1323 1959 1350 τε

296 1374 443 1431 λόγοις
473 1376 544 1418 καὶ
575 1376 628 1432 τῇ
660 1373 734 1417 διὰ
764 1376 851 1417 τῶν
895 1374 1029 1431 ἔργων
1070 1377 1327 1432 παρασκευῇ
1365 1370 1572 1432 ἀνεχώρει
1613 1374 1727 1433 πρὸς
1765 1373 1814 1419 τὸ
1855 1371 1960 1432 ὅρος

296 1446 393 1500 θεῶ
423 1460 470 1486 τε
499 1444 573 1486 καὶ
598 1438 740 1500 Ιησοῦ
770 1442 1046 1498 παραδιδοις
1075 1443 1123 1487 τὸ
1158 1443 1419 1499 στράτετμα.

231 1517 283 1557 53
412 1517 451 1554 4.
482 1514 790 1567 Προσέμισγον
822 1510 868 1554 δὲ
899 1528 941 1554 οι
972 1512 1180 1567 πολέιιιοι
1211 1507 1290 1554 κᾶν
1317 1513 1465 1567 χερσὶν
1494 1529 1545 1568 ην
1565 1528 1589 1568 η
1613 1510 1748 1570 μάχη·
1782 1513 1960 1577 προθυ-

297 1584 378 1637 μία
421 1580 467 1622 δὲ
506 1581 577 1623 καὶ
620 1580 918 1636 διακελευσιιῶ
948 1578 1003 1622 τὰ
1041 1578 1156 1636 πρὸς
1198 1575 1412 1636 αλλήλοις
1444 1582 1680 1635 χρωμένων
1717 1582 1843 1636 μέχρι
1880 1579 1960 1634 μὲν

299 1646 373 1691 οὑν
394 1651 593 1704 Μωισης
625 1639 759 1698 αἶθις
790 1643 957 1701 ανίσχει
987 1646 1067 1697 τὰς
1094 1657 1254 1725 χεῖρας,
1285 1649 1356 1691 καὶ
1388 1647 1490 1698 τοὺς
1510 1643 1804 1705 Αμαληκίτας
1832 1663 1960 1690 κατε-

298 1715 464 1759 πόνουν
497 1716 538 1758 οἱ
565 1713 771 1771 Ἑβραῖοι.
831 1713 907 1758 τὸν
939 1714 1012 1758 οὗν
1053 1715 1191 1760 πόνον
1222 1718 1298 1773 τῆς
1339 1712 1593 1766 ἀνατάσεως
1623 1718 1710 1758 τῶν
1746 1731 1904 1772 χειρων
1934 1711 1957 1758 ὁ

299 1787 498 1839 ,Μωυσῆς
538 1779 612 1837 οὐχ
651 1781 903 1838 ἑπομένων,
945 1781 1098 1834 ὁσάκις
1136 1783 1218 1840 γὰρ
1256 1777 1308 1828 ἂν
1350 1780 1486 1834 αὐτὰς
1516 1787 1669 1828 καθίει
1698 1782 1961 1834 τοσαυτάκις

233 1859 285 1898 54
303 1852 601 1896 ἐλαττοῦσθαι
621 1850 722 1902 τοὺς
753 1851 939 1902 οἰκείους
971 1847 1103 1894 αἰτοῦ
1136 1855 1374 1906 συνέβαινε,
1405 1851 1570 1895 κελεύει
1591 1852 1666 1896 τόν
1687 1868 1734 1895 τε
1766 1847 1960 1909 ἀδελφὸν

413 2002 434 2044 ξ
459 2003 501 2035 49
526 2017 569 2028 =
593 1999 744 2034 Exodus
769 1998 874 2034 XVII
898 2002 929 2034 9.

411 2146 876 2184 ROMSPLELatZonaras
902 2145 918 2180 I
942 2156 977 2190 p.
1006 2148 1059 2180 (31.

414 2220 428 2251 1
455 2214 707 2262 ἐφρεμίτιδοσ,
732 2228 749 2251 ε
774 2226 819 2250 ex
844 2229 881 2250 αι
904 2225 994 2249 corr.
1014 2214 1046 2248 R
1062 2210 1333 2261 ἐφραιμὴτιδοσ
1350 2214 1381 2248 Ε
1407 2213 1547 2258 ‹ffrcum
1566 2214 1638 2249 Lat
1711 2210 1963 2261 άνδριότατον

298 2274 337 2309 Μ
429 2274 478 2316 δὲ]
504 2287 543 2309 τε
568 2273 613 2316 R,
638 2284 705 2308 om.
723 2272 753 2307 L
856 2275 875 2306 2
900 2275 1087 2318 γενναῖον]
1113 2268 1286 2317 γεννικὸι·
1309 2271 1436 2307 MSPL
1528 2271 1646 2307 εἰπεῖι
1670 2282 1714 2306 ex
1739 2267 1844 2308 εἶπεν
1868 2281 1961 2306 corr.

298 2331 337 2366 M
429 2334 448 2365 3
474 2329 684 2377 ἐκπρεπῶς]
710 2324 911 2375 εύπρεπῶσ
935 2327 1032 2362 ROL
1057 2328 1223 2363 decenter
1246 2329 1317 2362 Lat
1419 2330 1550 2373 μωίσῆ
1574 2328 1612 2362 Μ
1705 2330 1725 2362 4
1751 2324 1964 2373 τιμώμενόν

300 2399 366 2422 om.
392 2387 603 2422 ROMLLat
707 2390 725 2421 5
750 2389 811 2421 *τι
836 2396 902 2420 om.
929 2384 992 2419 ΒΟ
1111 2381 1287 2427 {mimda}
1314 2386 1502 2420 πλείστων
1525 2385 1636 2420 MLat
1761 2388 1780 2419 6
1806 2381 1962 2427 παντὸς]

299 2441 403 2491 πρὸσ
429 2441 578 2479 παντὸσ
601 2443 672 2478 ML
698 2439 922 2489 πρόπαντος
945 2441 1104 2476 Dindorf
1203 2440 1364 2487 *νύκτηι
1390 2442 1419 2476 L
1528 2447 1546 2475 “
1528 2447 1791 2488 δστρατιγοΐσ
1817 2441 1871 2476 M¹

298 2504 318 2535 t)
343 2497 561 2541 κελεύσειεν]
585 2499 838 2546 praeciperent
862 2498 933 2533 Lat
1025 2493 1158 2534 αὑτοῖσ
1182 2498 1221 2532 Μ
1318 2500 1481 2544 ἸΙωισῆς
1505 2501 1600 2542 (post
1624 2512 1669 2534 αι
1660 2494 1773 2541 τοὺς)
1798 2509 1865 2533 om.
1894 2497 1964 2533 Lat

412 2554 621 2603 διηγρύπνει
647 2556 683 2593 δὲ
709 2557 772 2591 καὶ
799 2557 962 2601 Μωυσῆς
986 2565 1054 2589 om.
1075 2554 1103 2589 O
1215 2558 1253 2589 10
1279 2552 1467 2597 ἐκτάξειει
1491 2555 1593 2590 S'PL
1705 2558 1740 2589 11
1769 2549 1963 2601 ἠργμένης]

299 2610 515 2660 α’ρχομένησ
539 2613 591 2648 SP
700 2615 914 2657 παρακαλεῖ
933 2612 971 2646 M
1082 2613 1120 2645 12
1146 2613 1231 2655 -ιερὶ
1257 2606 1382 2646 αι’·τών
1406 2611 1438 2645 R
1549 2615 1587 2646 13
1616 2614 1666 2652 τε]
1691 2611 1729 2647 δὲ
1755 2611 1784 2645 L
1887 2611 1964 2646 κτί-

301 2675 440 2707 σασθαι
467 2670 500 2705 R
607 2673 643 2703 11
671 2665 993 2715 α’ξιολογοτάτουσ
1019 2667 1051 2702 R
1162 2671 1199 2701 15
1226 2667 1368 2702 litterae
1398 2681 1438 2703 ruz
1464 2667 1538 2703 ἰδία
1564 2665 1767 2713 παρεκάλει
1793 2667 1816 2702 i.
1842 2677 1913 2702 ras.
1939 2666 1964 2703 S

414 2723 676 2770 ὡσπλισμε-’νον
699 2726 743 2760 Ρι
840 2729 881 2760 19
906 2725 1164 2772 προσέσμιγον
1189 2725 1217 2759 O
1245 2723 1478 2770 προσέμιγον
1503 2724 1535 2758 Ε
1628 2727 1670 2759 20
1695 2724 1747 2766 δὲ]
1774 2737 1812 2760 τε
1837 2723 1964 2760 MSPL

301 2785 370 2820 Lat
462 2784 619 2830 *μέχρισ
643 2783 700 2817 SL
771 2786 807 2817 21
839 2776 977 2824 *αὖθις
1001 2778 1158 2828 α’νίσχει]
1183 2781 1231 2815 aa
1255 2781 1390 2815 caclum
1417 2781 1628 2817 e·xtc'··›1tlcr01
1652 2781 1724 2816 Lat
1815 2773 1962 2844 *c11{919]

303 2838 424 2885 ὀρθὰς
451 2840 605 2884 Cocceji,
631 2840 762 2874 lacuna
786 2839 980 2875 statuenda
1005 2839 1076 2873 uid.
1159 2840 1219 2873 καὶ
1247 2847 1312 2871 om.
1334 2836 1439 2872 ELat
1521 2841 1563 2871 22
1588 2833 1848 2879 *αἰατάσεως]
1873 2835 1963 2873 εἰν-α

303 2895 479 2933 παύσεωσ
496 2897 524 2931 Ο
548 2893 797 2932 ἀναστάσεωσ
820 2896 859 2930 Μ
974 2898 1014 2929 23
1041 2893 1142 2941 *γὰρ
1167 2891 1225 2934 ἆνΙ
1251 2890 1298 2929 ι’ἰν
1322 2893 1386 2927 Ro
1412 2891 1484 2939 γὰρ
1510 2894 1602 2929 coni.
1720 2893 1864 2939 *καθίη
1889 2892 1963 2927 RM

301 2955 432 3001 καθιή·
462 2954 490 2989 Ia
514 2954 646 2989 καθίοι
671 2951 764 2987 coni.
865 2954 906 2986 2-1
932 2946 1061 2992 αὐτοῦ]
1086 2946 1200 2987 αι’-τοῦ
1225 2949 1263 2986 τί·
1290 2950 1331 2993 Ia,
1356 2961 1423 2985 om.
1452 2949 1482 2984 E
1582 2950 1826 2998 *συνέβαινεν
1850 2949 1963 2985 MS'P

1988 908 2024 942 10

1988 1248 2025 1280 15
