2060 3475
900 228 1097 265 Praefatio.
1713 230 1830 266 XLIII

166 347 272 387 sunt.
334 342 448 385 uelut
477 355 644 397 semper
684 340 879 384 scribitur
911 343 1063 393 Νιύεος
1093 358 1174 387 non
1216 346 1385 398 Νῶχος,
1426 343 1605 398 >Ii-,neojur
1636 358 1715 387 non
1752 348 1831 385 Σε-

163 409 282 465 μεών
313 410 481 463 aliaque
512 409 679 452 similia.
724 424 820 452 nam
857 409 1007 460 Νώεος
1038 426 1119 455 non
1151 413 1376 465 genuinum
1409 426 1501 456 esse
1533 426 1582 455 eo
1615 413 1830 467 probatur,

165 477 278 533 quod
309 478 561 530 ubicumque
593 477 686 520 Noa
718 482 837 520 extra
867 491 944 520 sua
977 485 1166 533 tempora
1198 482 1522 534 memoratur‘),
1554 493 1700 523 omnes
1731 480 1830 522 libri

165 548 321 599 Νῶχος
353 546 532 599 habent3
563 545 606 587 hi
637 545 747 587 euim
771 546 851 588 loei
883 552 1158 590 correctorem
1191 549 1397 601 sugerunt.
1459 548 1583 590 etiam
1616 549 1828 602 apertiora

164 615 254 657 eius
285 614 465 668 uestigia
497 613 701 655 habemus
733 614 888 656 talibus
920 615 1023 658 loeis
1055 615 1192 669 qualis
1223 620 1287 657 est
1308 617 1343 658 V
1367 618 1446 657 22⁶>
1480 616 1549 658 ubi
1583 614 1727 671 Zaep'fir
1758 616 1829 657 καὶ

163 681 424 738 Ζαρμούνην
455 685 600 724 extant
631 695 774 735 regum
796 681 1120 726 Madianitarum
1154 682 1324 725 nomina
1355 683 1396 724 in
1418 682 1535 725 ROM
1553 686 1600 738 2),
1628 683 1704 726 sed
1735 684 1777 725 in
1799 683 1829 725 S

163 754 228 792 est
259 750 447 803 σαλμανὶ
482 747 629 803 ζεβεὴν
660 751 728 791 καὶ
764 748 1017 806 ζαρίιιοιῗνιιν,
1050 751 1092 792 iu
1115 751 1147 792 P
1176 749 1349 806 ζεβέὁην
1379 752 1450 792 καὶ
1485 749 1726 807 ζαρμούιίην
1756 752 1830 793 καὶ

163 818 412 871 σαλμανᾶν,
460 817 501 859 in
533 818 566 858 L
600 815 691 873 ’ξε-β’]
704 834 723 858 ν
756 816 982 871 σαλμανὰν
1014 820 1081 860 καὶ
1118 817 1380 874 ζαρβοι·νην;
1419 832 1511 861 cum
1554 820 1663 860 enim
1696 818 1828 861 Iudic.

160 885 260 928 VIII
307 887 354 925 10
394 884 508 939 apud
548 885 669 926 LXX
712 885 959 941 interpretes
997 886 1050 928 sit
1090 885 1221 939 Ζεβεὲ
1262 887 1331 928 καὶ
1380 884 1611 939 Σαλμαιίὶ,
1652 892 1830 941 apparet

162 953 228 995 his
266 951 491 1008 adscriptis
532 957 572 995 et
612 953 730 995 uario
769 953 893 996 modo
934 954 1104 996 intrusis
1144 954 1314 1009 Iosephi
1355 954 1487 996 uerba
1526 958 1687 997 mutata
1724 967 1827 997 esse.

163 1024 204 1064 et
234 1020 274 1062 II
313 1024 386 1063 178
420 1020 533 1074 quod
564 1021 607 1063 in
633 1021 707 1064 ΒΟ
739 1027 801 1064 est
823 1022 1001 1075 ..ααρᾶς
1031 1023 1072 1064 in
1096 1022 1136 1063 Μ
1163 1020 1347 1075 Σάαρος,
1380 1022 1424 1063 id
1455 1022 1494 1064 in
1519 1022 1586 1065 SP
1615 1019 1829 1077 οἱῗὶσαρος

161 1123 378 1175 seribitur,
421 1122 534 1175 quod
573 1129 708 1165 ortum
756 1136 848 1165 esse
894 1130 1070 1177 apparet
1110 1137 1162 1165 ex
1209 1097 1368 1177 σαέἴω
1414 1124 1548 1167 uoluit
1583 1123 1694 1166 enim
1740 1138 1828 1167 eor-

161 1196 298 1233 rector
328 1189 535 1243 ..fior-mg,
568 1189 680 1243 quod
712 1203 765 1233 ex
796 1190 948 1233 Genes.
999 1191 1136 1233 XLVI
1170 1194 1218 1232 10
1252 1198 1465 1246 receptum
1497 1198 1561 1234 est
1590 1193 1632 1234 in
1664 1193 1722 1246 L,
1753 1192 1830 1235 sed

162 1258 430 1300 librariorum
470 1271 609 1301 errore
648 1253 868 1312 οὔλσαροσ
907 1261 1062 1301 factum
1102 1264 1176 1302 est.
1238 1274 1290 1302 ex
1330 1261 1395 1302 his
1436 1259 1563 1314 igitur
1602 1260 1828 1302 similibus-

164 1340 246 1380 que
290 1326 499 1380 exemplis
545 1326 648 1368 satis
695 1326 853 1379 elucet,
899 1327 941 1369 in
987 1327 1053 1369 his
1093 1328 1331 1370 nominibus
1371 1327 1588 1370 tradendis
1634 1329 1828 1371 codicum

162 1394 228 1437 SP
273 1394 399 1437 fidem
437 1395 712 1449 perexiguam
759 1408 864 1437 esse.
929 1395 1006 1437 sed
1046 1409 1127 1438 non
1173 1396 1309 1438 solum
1350 1396 1540 1449 nomina,
1587 1396 1663 1438 sed
1701 1397 1829 1439 etiam

161 1462 248 1505 alia
286 1462 456 1516 Iosephi
501 1463 642 1505 uerbis
678 1462 871 1504 immixta
915 1475 1008 1505 esse
1051 1463 1217 1517 repperi
1262 1463 1424 1515 aliena,
1469 1462 1513 1505 id
1560 1463 1673 1516 quod
1718 1478 1830 1506 nune

161 1544 243 1574 uno
285 1531 441 1584 insigni
478 1530 674 1584 exemplo
714 1529 1087 1572 demonstrandum
1127 1535 1201 1572 est.
1262 1544 1360 1571 nam
1391 1531 1463 1573 lib.
1495 1531 1537 1572 X
1569 1534 1594 1584 ξ
1634 1535 1678 1573 ts
1711 1532 1829 1574 Iose-

160 1599 270 1654 phus
305 1602 448 1640 narrat
485 1597 821 1640 Sanaeharibum
859 1597 1127 1652 Assyriorum
1167 1609 1311 1651 regem
1341 1599 1557 1640 Pelusium
1596 1599 1828 1652 obsedisse,

162 1666 239 1708 sed
278 1679 372 1708 eum
410 1665 667 1720 Aethiopum
709 1666 939 1707 exereitum
984 1665 1325 1719 appropinquare
1375 1666 1585 1718 audisset,
1631 1667 1830 1710 recedere

162 1737 353 1776 eoactum
385 1746 491 1775 esse.
550 1733 668 1775 euius
698 1732 759 1774 rei
797 1731 917 1773 testis
948 1732 1144 1774 laudatur
1173 1733 1415 1776 Herodotus
1455 1733 1515 1787 (II
1550 1735 1648 1788 141)
1691 1735 1829 1778 hisee:

161 1800 403 1855 ταραχθεὶς
433 1798 507 1842 οὖν
538 1796 626 1842 ὑπὸ
658 1798 825 1841 τούτων
857 1796 878 1841 0‘
911 1797 1119 1852 βασιλεὺς
1149 1803 1459 1855 Σεναχείριιιος
1495 1800 1570 1844 ἐπὶ
1600 1801 1678 1844 τὸν
1711 1803 1829 1857 ἱερέα

159 1865 237 1910 τὸν
254 1864 499 1923 Ἡφαίστου
531 1869 796 1921 στρατεῦσαι
827 1866 970 1922 ἒὶεγεν
1001 1863 1061 1916 ὥς
1088 1863 1214 1918 οὗτος
1244 1865 1265 1910 ὁ
1288 1867 1497 1923 βασιλεὺς
1529 1869 1602 1912 ἐπὶ
1634 1869 1711 1913 τὸν
1743 1872 1829 1913 τῶν

159 1933 427 1990 Αἰγιπτιων
467 1933 597 1977 ἔλθοι
637 1935 825 1988 βασιλέα
867 1935 985 1989 ἱερέα
1023 1931 1130 1977 όντα
1168 1938 1246 1978 τοῦ
1272 1934 1534 1993 Ηφαίστου,
1578 1939 1829 1993 πολιορκῶν

160 2001 207 2044 δὲ
235 2000 285 2045 τὸ
311 2001 566 2059 Πηλούσιον
597 2001 723 2045 ἔλυσε
751 2001 830 2059 τὴν
856 2003 1118 2057 πολιορκίαν
1151 2002 1198 2054 ἐξ
1227 2003 1374 2055 αἰτίας
1403 2005 1633 2062 τοιαύτης·
1668 2002 1827 2062 ηὔξατο

159 2066 182 2112 ὁ
214 2068 424 2124 βασιλεὺς
453 2072 541 2113 τιῦν
571 2070 840 2126 Αἰγυπτίων
869 2072 933 2126 τῷ
964 2073 1080 2127 θεῷ,
1113 2067 1147 2127 ᾦ
1178 2068 1410 2127 γενόμενος
1444 2072 1633 2129 ἐπήκοος
1664 2071 1686 2116 ὁ
1719 2073 1830 2125 θεὸς

159 2137 329 2195 πληγὴν
360 2137 594 2194 ἐνσκήπτει
623 2140 686 2194 τῷ
702 2135 878 2193 Ἄραβι·
919 2139 1145 2182 πλανᾶται
1174 2138 1256 2196 γὰρ
1295 2136 1374 2182 κᾶν
1404 2140 1546 2197 τούτῳ
1579 2138 1654 2183 οὐκ
1670 2138 1830 2184 Ἀσσυ-

160 2209 267 2260 ρίων
299 2207 434 2261 λέγων
465 2204 542 2249 τὸν
579 2208 768 2261 βασιλέα
810 2201 906 2248 ἀλλ’
937 2202 1164 2262 Ἀράβων·
1201 2210 1324 2262 μυῶν
1362 2207 1443 2264 γὰρ
1489 2208 1670 2265 πλῆθος
1716 2225 1828 2266 φησι

157 2275 240 2330 μιᾷ
280 2275 399 2316 νυκτὶ
437 2273 492 2316 τὰ
530 2273 637 2324 τόξα
675 2276 747 2317 καὶ
786 2273 840 2316 τὰ
874 2273 1012 2318 λοιπὰ
1044 2269 1164 2317 ὅπλα
1196 2275 1429 2333 διαφαγεῖν
1464 2278 1553 2318 τῶν
1568 2274 1826 2331 Ἀσσυρίων,

157 2342 233 2384 καὶ
264 2340 338 2383 διὰ
368 2343 506 2384 ταῦτα
535 2341 593 2397 μὴ
627 2341 781 2395 ἔχοντα
810 2341 918 2392 τόξα
948 2340 1024 2384 τὸν
1053 2344 1242 2396 βασιλέα
1282 2342 1360 2400 τὴν
1392 2343 1603 2399 στρατιὰν
1639 2339 1828 2399 ἀπάγειν

160 2404 251 2451 ἀπὸ
284 2411 363 2451 τοῦ
393 2410 661 2464 Πηλουσίου.
722 2411 793 2452 καὶ
822 2406 1058 2464 Ἡρόδοτος
1097 2411 1176 2464 μὲν
1215 2405 1354 2460 οὕτως
1391 2411 1575 2467 ἱστορεῖ,
1616 2411 1829 2468 Βηρωσὸς

161 2475 210 2518 δὲ
240 2489 276 2520 e.
300 2490 339 2530 q.
361 2489 394 2520 s.
455 2478 561 2519 haee
593 2478 704 2521 enim
736 2482 881 2521 extant
909 2478 952 2520 in
983 2477 1078 2532 ΒΟ,
1111 2479 1362 2531 quibuscum
1391 2479 1433 2520 M
1464 2483 1505 2522 et
1535 2480 1709 2523 Latinus
1740 2481 1828 2524 fere

161 2545 426 2587 consentiunt
455 2557 534 2587 nee
565 2545 750 2588 dubitari
779 2550 932 2601 potest,
966 2546 1066 2599 quin
1095 2551 1291 2602 corrupta
1319 2547 1425 2600 sint3
1456 2561 1554 2589 nam
1585 2547 1825 2591 Herodotus

162 2613 234 2667 qui
264 2625 375 2655 nune
404 2613 448 2654 in
472 2613 672 2655 extremis
695 2617 812 2655 extat
843 2615 974 2656 multo
996 2617 1095 2656 ante
1117 2619 1207 2657 erat
1231 2614 1524 2668 nominandus,
1556 2628 1634 2657 nee
1657 2615 1826 2669 seimus,

160 2693 234 2722 eur
254 2679 450 2722 laudetur
469 2685 543 2722 aut
564 2679 665 2733 quid
686 2694 782 2723 eum
803 2681 949 2723 testari
970 2681 1075 2724 uelit
1095 2682 1310 2736 Iosephus.
1363 2681 1440 2724 sed
1461 2682 1638 2724 meliora
1669 2683 1826 2726 habere

159 2745 358 2790 uidentur
379 2747 458 2802 SP,
488 2747 532 2789 in
563 2748 714 2801 quibus
735 2748 857 2791 haee:
888 2750 1131 2803 ταραχθεὶς
1152 2740 1226 2791 οἷν
1256 2745 1343 2790 ὗπό
1367 2747 1533 2790 τούτων
1565 2746 1587 2792 ὁ
1618 2749 1828 2804 βασιλεὺς

160 2813 478 2871 Σενναχήριβος
510 2810 735 2871 ἄπρακτος
765 2812 824 2866 (ὃς
863 2814 974 2873 ἔφην
1005 2811 1251 2872 ἀνεχώρησε
1279 2815 1537 2859 καταλιπών
1567 2815 1616 2860 τὸ
1648 2818 1827 2875 Πηλού-

278 2928 308 2968 1)
332 2926 418 2960 Ant.
443 2925 523 2960 Iud.
546 2926 600 2960 III
625 2928 684 2969 873
709 2926 777 2961 XX
802 2938 832 2962 c.
851 2930 870 2961 '2
896 2929 966 2971 §3,
991 2930 1086 2964 cont.
1113 2929 1181 2972 Ap.
1199 2928 1217 2962 I
1244 2930 1296 2963 19.

276 2984 308 3024 2)
333 2982 458 3017 eadem
482 2983 514 3018 E
541 2985 576 3018 et
599 2983 753 3018 Latinus
778 2983 876 3018 dant.
