<?xml version="1.0" encoding="UTF-8"?>
<!DOCTYPE html PUBLIC "-//W3C//DTD XHTML 1.0 Transitional//EN"
    "http://www.w3.org/TR/xhtml1/DTD/xhtml1-transitional.dtd">
<html xmlns="http://www.w3.org/1999/xhtml" xml:lang="en" lang="en">
 <head>
  <title>
</title>
<meta http-equiv="Content-Type" content="text/html;charset=utf-8" />
  <meta name='ocr-system' content='tesseract 3.04.00' />
  <meta name='ocr-capabilities' content='ocr_page ocr_carea ocr_par ocr_line ocrx_word'/>
</head>
<body>
  <div class='ocr_page' id='page_1' title='image "./operajosephus01joseuoft/operajosephus01joseuoft_0295.png"; bbox 0 0 2091 3418; ppageno 0'>
   <div class='ocr_carea' id='block_1_1' title="bbox 541 172 1753 224">
    <p class='ocr_par' dir='ltr' id='par_1_1' title="bbox 541 172 1753 224">
     <span class='ocr_line' id='line_1_1' title="bbox 541 172 1753 224; baseline -0.004 -9"><span class='ocrx_word' id='word_1_1' title='bbox 541 179 701 224; x_wconf 81' lang='lat' dir='ltr'>ANTIQ.</span> <span class='ocrx_word' id='word_1_2' title='bbox 728 178 823 215; x_wconf 87' lang='lat' dir='ltr'>IUD.</span> <span class='ocrx_word' id='word_1_3' title='bbox 849 178 900 214; x_wconf 92' lang='lat'><strong><em>111</em></strong></span> <span class='ocrx_word' id='word_1_4' title='bbox 926 180 1103 214; x_wconf 75' lang='lat'>233-238</span> <span class='ocrx_word' id='word_1_5' title='bbox 1126 178 1176 220; x_wconf 71' lang='lat' dir='ltr'>(Lx</span> <span class='ocrx_word' id='word_1_6' title='bbox 1193 183 1221 210; x_wconf 67' lang='grc' dir='ltr'><strong><em>ι.</em></strong></span> <span class='ocrx_word' id='word_1_7' title='bbox 1249 180 1268 209; x_wconf 83' lang='lat' dir='ltr'>x</span> <span class='ocrx_word' id='word_1_8' title='bbox 1286 182 1314 219; x_wconf 70' lang='grc' dir='ltr'><strong><em>ι)</em></strong></span> <span class='ocrx_word' id='word_1_9' title='bbox 1674 172 1753 210; x_wconf 81' lang='lat'><strong><em>205</em></strong></span> 
     </span>
    </p>
   </div>
   <div class='ocr_carea' id='block_1_2' title="bbox 38 289 1883 1841">
    <p class='ocr_par' dir='ltr' id='par_1_2' title="bbox 100 289 1867 556">
     <span class='ocr_line' id='line_1_2' title="bbox 212 289 1867 348; baseline -0.005 -10"><span class='ocrx_word' id='word_1_10' title='bbox 212 301 250 338; x_wconf 78' lang='lat'><strong><em>4.</em></strong></span> <span class='ocrx_word' id='word_1_11' title='bbox 307 294 455 348; x_wconf 78' lang='grc' dir='ltr'><strong><em>Νόμος</em></strong></span> <span class='ocrx_word' id='word_1_12' title='bbox 486 293 531 335; x_wconf 81' lang='grc' dir='ltr'><strong><em>δὲ</em></strong></span> <span class='ocrx_word' id='word_1_13' title='bbox 561 302 659 343; x_wconf 91' lang='grc' dir='ltr'><strong><em>ταῖς</em></strong></span> <span class='ocrx_word' id='word_1_14' title='bbox 690 292 934 343; x_wconf 76' lang='grc' dir='ltr'><em>ἰδιωτικαῖς</em></span> <span class='ocrx_word' id='word_1_15' title='bbox 972 294 1042 335; x_wconf 80' lang='grc' dir='ltr'><strong><em>καὶ</em></strong></span> <span class='ocrx_word' id='word_1_16' title='bbox 1075 300 1173 342; x_wconf 89' lang='grc' dir='ltr'><strong><em>ταῖς</em></strong></span> <span class='ocrx_word' id='word_1_17' title='bbox 1204 291 1439 348; x_wconf 85' lang='grc' dir='ltr'><strong><em>δημοσίαις</em></strong></span> <span class='ocrx_word' id='word_1_18' title='bbox 1471 292 1652 338; x_wconf 86' lang='grc' dir='ltr'><strong><em>θυσίαις</em></strong></span> <span class='ocrx_word' id='word_1_19' title='bbox 1682 289 1752 330; x_wconf 80' lang='grc' dir='ltr'><strong><em>καὶ</em></strong></span> <span class='ocrx_word' id='word_1_20' title='bbox 1786 290 1867 330; x_wconf 85' lang='grc'><strong><em>233</em></strong></span> 
     </span>
     <span class='ocr_line' id='line_1_3' title="bbox 100 354 1755 419; baseline -0.006 -11"><span class='ocrx_word' id='word_1_21' title='bbox 100 360 281 418; x_wconf 69' lang='grc' dir='ltr'><strong><em>ἄλευρον</em></strong></span> <span class='ocrx_word' id='word_1_22' title='bbox 321 361 623 419; x_wconf 76' lang='grc' dir='ltr'><strong><em>ἐπιφέρεσθαι</em></strong></span> <span class='ocrx_word' id='word_1_23' title='bbox 662 360 1003 416; x_wconf 72' lang='grc' dir='ltr'><strong><em>καθαρώτατον,</em></strong></span> <span class='ocrx_word' id='word_1_24' title='bbox 1046 356 1141 416; x_wconf 80' lang='grc' dir='ltr'><strong><em>ἀρνὶ</em></strong></span> <span class='ocrx_word' id='word_1_25' title='bbox 1182 360 1261 413; x_wconf 77' lang='grc' dir='ltr'><strong><em>μὲν</em></strong></span> <span class='ocrx_word' id='word_1_26' title='bbox 1300 354 1558 413; x_wconf 74' lang='grc' dir='ltr'><strong><em>ἀσσαρῶνος</em></strong></span> <span class='ocrx_word' id='word_1_27' title='bbox 1597 359 1755 412; x_wconf 85' lang='grc' dir='ltr'><strong><em>μέτρον</em></strong></span> 
     </span>
     <span class='ocr_line' id='line_1_4' title="bbox 100 424 1755 488; baseline -0.007 -13"><span class='ocrx_word' id='word_1_28' title='bbox 100 433 205 488; x_wconf 50' lang='grc' dir='ltr'><strong><em>κριιιῦ</em></strong></span> <span class='ocrx_word' id='word_1_29' title='bbox 239 431 285 474; x_wconf 79' lang='grc' dir='ltr'><strong><em>δὲ</em></strong></span> <span class='ocrx_word' id='word_1_30' title='bbox 317 430 438 472; x_wconf 84' lang='grc' dir='ltr'><strong><em>δυοῖν</em></strong></span> <span class='ocrx_word' id='word_1_31' title='bbox 468 428 615 485; x_wconf 80' lang='grc' dir='ltr'><strong><em>ταύρῳ</em></strong></span> <span class='ocrx_word' id='word_1_32' title='bbox 648 428 693 470; x_wconf 86' lang='grc' dir='ltr'><strong><em>δὲ</em></strong></span> <span class='ocrx_word' id='word_1_33' title='bbox 724 430 870 483; x_wconf 80' lang='grc' dir='ltr'><strong><em>τριιῦν.</em></strong></span> <span class='ocrx_word' id='word_1_34' title='bbox 930 431 1059 470; x_wconf 75' lang='grc' dir='ltr'><strong><em>τοῦτο</em></strong></span> <span class='ocrx_word' id='word_1_35' title='bbox 1097 425 1436 481; x_wconf 71' lang='grc' dir='ltr'><strong><em>καθαγνίζουσιν</em></strong></span> <span class='ocrx_word' id='word_1_36' title='bbox 1468 424 1541 467; x_wconf 76' lang='grc' dir='ltr'><strong><em>ἐπὶ</em></strong></span> <span class='ocrx_word' id='word_1_37' title='bbox 1573 426 1635 480; x_wconf 72' lang='grc' dir='ltr'><strong><em>τῷ</em></strong></span> <span class='ocrx_word' id='word_1_38' title='bbox 1665 428 1755 478; x_wconf 86' lang='grc' dir='ltr'><strong><em>βω-</em></strong></span> 
     </span>
     <span class='ocr_line' id='line_1_5' title="bbox 100 490 1865 556; baseline -0.003 -16"><span class='ocrx_word' id='word_1_39' title='bbox 100 501 170 556; x_wconf 71' lang='grc' dir='ltr'><strong><em>μιῇ</em></strong></span> <span class='ocrx_word' id='word_1_40' title='bbox 201 500 476 554; x_wconf 83' lang='grc' dir='ltr'><strong><em>μεμαγμένον</em></strong></span> <span class='ocrx_word' id='word_1_41' title='bbox 509 495 667 550; x_wconf 78' lang='grc' dir='ltr'><strong><em>ἐλαίῳ·</em></strong></span> <span class='ocrx_word' id='word_1_42' title='bbox 718 495 940 550; x_wconf 77' lang='grc' dir='ltr'><strong><em>κομίζεται</em></strong></span> <span class='ocrx_word' id='word_1_43' title='bbox 971 494 1052 551; x_wconf 80' lang='grc' dir='ltr'><strong><em>γὰρ</em></strong></span> <span class='ocrx_word' id='word_1_44' title='bbox 1086 493 1135 551; x_wconf 67' lang='grc' dir='ltr'><strong><em>δι’]</em></strong></span> <span class='ocrx_word' id='word_1_45' title='bbox 1170 495 1239 536; x_wconf 79' lang='grc' dir='ltr'><strong><em>καὶ</em></strong></span> <span class='ocrx_word' id='word_1_46' title='bbox 1274 493 1421 536; x_wconf 71' lang='grc' dir='ltr'><strong><em>ἔλαιον</em></strong></span> <span class='ocrx_word' id='word_1_47' title='bbox 1452 490 1538 535; x_wconf 65' lang='lat' dir='ltr'><strong><em>tm)</em></strong></span> <span class='ocrx_word' id='word_1_48' title='bbox 1571 494 1658 534; x_wconf 84' lang='grc' dir='ltr'><strong><em>τιῦν</em></strong></span> <span class='ocrx_word' id='word_1_49' title='bbox 1689 507 1757 534; x_wconf 90' lang='grc' dir='ltr'><strong><em>τε·</em></strong></span> <span class='ocrx_word' id='word_1_50' title='bbox 1788 495 1865 535; x_wconf 72' lang='grc'><strong><em>234</em></strong></span> 
     </span>
    </p>

    <p class='ocr_par' dir='ltr' id='par_1_3' title="bbox 54 559 1872 890">
     <span class='ocr_line' id='line_1_6' title="bbox 54 559 1757 619; baseline -0.005 -9"><span class='ocrx_word' id='word_1_51' title='bbox 54 577 74 609; x_wconf 73' lang='grc' dir='ltr'><strong><em>δ</em></strong></span> <span class='ocrx_word' id='word_1_52' title='bbox 101 566 306 610; x_wconf 86' lang='grc' dir='ltr'><strong><em>θυκότων</em></strong></span> <span class='ocrx_word' id='word_1_53' title='bbox 337 565 410 608; x_wconf 75' lang='grc' dir='ltr'><strong><em>ἐπὶ</em></strong></span> <span class='ocrx_word' id='word_1_54' title='bbox 444 564 523 619; x_wconf 72' lang='grc' dir='ltr'><strong><em>μὲν</em></strong></span> <span class='ocrx_word' id='word_1_55' title='bbox 553 566 631 618; x_wconf 65' lang='grc' dir='ltr'><strong><em>βοῒ</em></strong></span> <span class='ocrx_word' id='word_1_56' title='bbox 660 563 751 614; x_wconf 82' lang='grc' dir='ltr'><strong><em>ἰνὸς</em></strong></span> <span class='ocrx_word' id='word_1_57' title='bbox 782 559 927 619; x_wconf 75' lang='grc' dir='ltr'><strong><em>ἥμισυ,</em></strong></span> <span class='ocrx_word' id='word_1_58' title='bbox 960 562 1034 605; x_wconf 78' lang='grc' dir='ltr'><strong><em>ε’πὶ</em></strong></span> <span class='ocrx_word' id='word_1_59' title='bbox 1068 562 1114 605; x_wconf 82' lang='grc' dir='ltr'><strong><em>δὲ</em></strong></span> <span class='ocrx_word' id='word_1_60' title='bbox 1134 564 1243 617; x_wconf 74' lang='grc' dir='ltr'><strong><em>κριῷ</em></strong></span> <span class='ocrx_word' id='word_1_61' title='bbox 1264 564 1396 616; x_wconf 81' lang='grc' dir='ltr'><strong><em>μέρος</em></strong></span> <span class='ocrx_word' id='word_1_62' title='bbox 1425 560 1579 603; x_wconf 85' lang='grc' dir='ltr'><strong><em>τούτου</em></strong></span> <span class='ocrx_word' id='word_1_63' title='bbox 1610 563 1757 616; x_wconf 86' lang='grc' dir='ltr'><strong><em>τρίτον</em></strong></span> 
     </span>
     <span class='ocr_line' id='line_1_7' title="bbox 101 624 1758 689; baseline -0.005 -11"><span class='ocrx_word' id='word_1_64' title='bbox 101 637 179 678; x_wconf 85' lang='grc' dir='ltr'><strong><em>τοῦ</em></strong></span> <span class='ocrx_word' id='word_1_65' title='bbox 209 637 390 689; x_wconf 86' lang='grc' dir='ltr'><strong><em>μέτρου,</em></strong></span> <span class='ocrx_word' id='word_1_66' title='bbox 433 634 503 675; x_wconf 84' lang='grc' dir='ltr'><strong><em>καὶ</em></strong></span> <span class='ocrx_word' id='word_1_67' title='bbox 536 631 721 689; x_wconf 87' lang='grc' dir='ltr'><strong><em>τετάρτη</em></strong></span> <span class='ocrx_word' id='word_1_68' title='bbox 765 634 889 687; x_wconf 86' lang='grc' dir='ltr'><strong><em>μερὶς</em></strong></span> <span class='ocrx_word' id='word_1_69' title='bbox 920 626 995 674; x_wconf 76' lang='grc' dir='ltr'><strong><em>ἐπ’</em></strong></span> <span class='ocrx_word' id='word_1_70' title='bbox 1023 626 1143 686; x_wconf 83' lang='grc' dir='ltr'><strong><em>ἆρνί·</em></strong></span> <span class='ocrx_word' id='word_1_71' title='bbox 1185 627 1206 672; x_wconf 86' lang='grc' dir='ltr'>ὁ</span> <span class='ocrx_word' id='word_1_72' title='bbox 1240 629 1283 670; x_wconf 81' lang='grc' dir='ltr'><strong><em>δὲ</em></strong></span> <span class='ocrx_word' id='word_1_73' title='bbox 1317 630 1358 670; x_wconf 80' lang='grc' dir='ltr'><strong><em>’ἰν</em></strong></span> <span class='ocrx_word' id='word_1_74' title='bbox 1389 631 1546 682; x_wconf 80' lang='grc' dir='ltr'><strong><em>μέτρον</em></strong></span> <span class='ocrx_word' id='word_1_75' title='bbox 1580 624 1758 682; x_wconf 79' lang='grc' dir='ltr'><strong><em>ἀρχαῖον</em></strong></span> 
     </span>
     <span class='ocr_line' id='line_1_8' title="bbox 99 692 1759 758; baseline -0.007 -12"><span class='ocrx_word' id='word_1_76' title='bbox 99 699 309 758; x_wconf 81' lang='grc' dir='ltr'><strong><em>Ἑβραίων</em></strong></span> <span class='ocrx_word' id='word_1_77' title='bbox 342 700 523 743; x_wconf 86' lang='grc' dir='ltr'><strong><em>δύναται</em></strong></span> <span class='ocrx_word' id='word_1_78' title='bbox 556 699 633 742; x_wconf 82' lang='grc' dir='ltr'><strong><em>δύο</em></strong></span> <span class='ocrx_word' id='word_1_79' title='bbox 658 699 766 753; x_wconf 90' lang='grc' dir='ltr'><strong><em>χόας</em></strong></span> <span class='ocrx_word' id='word_1_80' title='bbox 786 695 1022 748; x_wconf 74' lang='grc' dir='ltr'><strong><em>Ἀττικούς.</em></strong></span> <span class='ocrx_word' id='word_1_81' title='bbox 1072 696 1121 740; x_wconf 85' lang='grc' dir='ltr'><strong><em>τὸ</em></strong></span> <span class='ocrx_word' id='word_1_82' title='bbox 1157 692 1198 739; x_wconf 74' lang='grc' dir='ltr'><strong><em>δ’</em></strong></span> <span class='ocrx_word' id='word_1_83' title='bbox 1226 692 1330 738; x_wconf 75' lang='grc' dir='ltr'><strong><em>αὐτὸ</em></strong></span> <span class='ocrx_word' id='word_1_84' title='bbox 1353 699 1510 751; x_wconf 84' lang='grc' dir='ltr'><strong><em>μέτρον</em></strong></span> <span class='ocrx_word' id='word_1_85' title='bbox 1532 697 1593 751; x_wconf 74' lang='grc' dir='ltr'><strong><em>τῳ</em></strong></span> <span class='ocrx_word' id='word_1_86' title='bbox 1626 694 1759 750; x_wconf 78' lang='grc' dir='ltr'><strong><em>ε’λαίῳ</em></strong></span> 
     </span>
     <span class='ocr_line' id='line_1_9' title="bbox 102 760 1872 824; baseline -0.005 -12"><span class='ocrx_word' id='word_1_87' title='bbox 102 770 174 812; x_wconf 80' lang='grc' dir='ltr'><strong><em>καὶ</em></strong></span> <span class='ocrx_word' id='word_1_88' title='bbox 216 769 336 812; x_wconf 78' lang='grc' dir='ltr'><strong><em>οἴνου</em></strong></span> <span class='ocrx_word' id='word_1_89' title='bbox 378 771 596 824; x_wconf 79' lang='grc' dir='ltr'><strong><em>παρῆγον,</em></strong></span> <span class='ocrx_word' id='word_1_90' title='bbox 638 767 877 810; x_wconf 86' lang='grc' dir='ltr'><strong><em>σπένδουσι</em></strong></span> <span class='ocrx_word' id='word_1_91' title='bbox 917 766 963 808; x_wconf 84' lang='grc' dir='ltr'><strong><em>δὲ</em></strong></span> <span class='ocrx_word' id='word_1_92' title='bbox 996 767 1098 819; x_wconf 83' lang='grc' dir='ltr'><strong><em>περὶ</em></strong></span> <span class='ocrx_word' id='word_1_93' title='bbox 1136 763 1213 807; x_wconf 86' lang='grc' dir='ltr'><strong><em>τὸν</em></strong></span> <span class='ocrx_word' id='word_1_94' title='bbox 1242 763 1393 818; x_wconf 85' lang='grc' dir='ltr'><strong><em>βωμὸν</em></strong></span> <span class='ocrx_word' id='word_1_95' title='bbox 1423 762 1499 806; x_wconf 86' lang='grc' dir='ltr'><strong><em>τὸν</em></strong></span> <span class='ocrx_word' id='word_1_96' title='bbox 1531 760 1661 805; x_wconf 78' lang='grc' dir='ltr'><strong><em>οἶνον.</em></strong></span> <span class='ocrx_word' id='word_1_97' title='bbox 1723 761 1760 804; x_wconf 84' lang='grc' dir='ltr'><strong><em>εἰ</em></strong></span> <span class='ocrx_word' id='word_1_98' title='bbox 1791 764 1872 806; x_wconf 79' lang='grc'><strong><em>235</em></strong></span> 
     </span>
     <span class='ocr_line' id='line_1_10' title="bbox 106 828 1763 890; baseline -0.005 -10"><span class='ocrx_word' id='word_1_99' title='bbox 106 837 153 880; x_wconf 83' lang='grc' dir='ltr'><strong><em>δέ</em></strong></span> <span class='ocrx_word' id='word_1_100' title='bbox 182 853 250 887; x_wconf 87' lang='grc' dir='ltr'><strong><em>τις</em></strong></span> <span class='ocrx_word' id='word_1_101' title='bbox 281 839 447 879; x_wconf 89' lang='grc' dir='ltr'><strong><em>θυσίαν</em></strong></span> <span class='ocrx_word' id='word_1_102' title='bbox 479 831 554 878; x_wconf 78' lang='grc' dir='ltr'><strong><em>οἰκ</em></strong></span> <span class='ocrx_word' id='word_1_103' title='bbox 585 834 800 878; x_wconf 74' lang='grc' dir='ltr'><strong><em>ἐπιτελῶν</em></strong></span> <span class='ocrx_word' id='word_1_104' title='bbox 823 833 1029 890; x_wconf 78' lang='grc' dir='ltr'><strong><em>ἐπήνεγκε</em></strong></span> <span class='ocrx_word' id='word_1_105' title='bbox 1050 828 1146 875; x_wconf 68' lang='grc' dir='ltr'><strong><em>κατ’</em></strong></span> <span class='ocrx_word' id='word_1_106' title='bbox 1174 828 1298 889; x_wconf 76' lang='grc' dir='ltr'><strong><em>εὐχὴν</em></strong></span> <span class='ocrx_word' id='word_1_107' title='bbox 1331 830 1572 885; x_wconf 75' lang='grc' dir='ltr'><strong><em>σεμίδαλιν,</em></strong></span> <span class='ocrx_word' id='word_1_108' title='bbox 1603 829 1763 886; x_wconf 77' lang='grc' dir='ltr'><strong><em>ταύτης</em></strong></span> 
     </span>
    </p>

    <p class='ocr_par' dir='ltr' id='par_1_4' title="bbox 38 897 1876 1231">
     <span class='ocr_line' id='line_1_11' title="bbox 38 897 1763 982; baseline -0.005 -34"><span class='ocrx_word' id='word_1_109' title='bbox 38 914 75 948; x_wconf 83' lang='lat'><strong><em>1⁰</em></strong></span> <span class='ocrx_word' id='word_1_110' title='bbox 106 900 306 982; x_wconf 72' lang='grc' dir='ltr'><strong><em>ἀπαρχὴν</em></strong></span> <span class='ocrx_word' id='word_1_111' title='bbox 337 908 443 958; x_wconf 89' lang='grc' dir='ltr'><strong><em>μίαν</em></strong></span> <span class='ocrx_word' id='word_1_112' title='bbox 476 903 707 958; x_wconf 75' lang='grc' dir='ltr'><strong><em>ἐπιβάλλει</em></strong></span> <span class='ocrx_word' id='word_1_113' title='bbox 737 905 797 944; x_wconf 73' lang='grc' dir='ltr'><strong><em>τιιῖ</em></strong></span> <span class='ocrx_word' id='word_1_114' title='bbox 829 904 967 958; x_wconf 77' lang='grc' dir='ltr'><strong><em>βωμιιῖ</em></strong></span> <span class='ocrx_word' id='word_1_115' title='bbox 998 901 1148 957; x_wconf 88' lang='grc' dir='ltr'><strong><em>δράκα,</em></strong></span> <span class='ocrx_word' id='word_1_116' title='bbox 1179 899 1256 956; x_wconf 76' lang='grc' dir='ltr'><strong><em>την</em></strong></span> <span class='ocrx_word' id='word_1_117' title='bbox 1289 899 1334 941; x_wconf 84' lang='grc' dir='ltr'><strong><em>δὲ</em></strong></span> <span class='ocrx_word' id='word_1_118' title='bbox 1366 897 1526 955; x_wconf 69' lang='grc' dir='ltr'><strong><em>λοιπὴν</em></strong></span> <span class='ocrx_word' id='word_1_119' title='bbox 1558 899 1598 941; x_wconf 88' lang='grc' dir='ltr'><strong><em>οἱ</em></strong></span> <span class='ocrx_word' id='word_1_120' title='bbox 1633 898 1763 952; x_wconf 84' lang='grc' dir='ltr'><strong><em>ἱερεῖς</em></strong></span> 
     </span>
     <span class='ocr_line' id='line_1_12' title="bbox 106 963 1762 1028; baseline -0.005 -13"><span class='ocrx_word' id='word_1_121' title='bbox 106 971 220 1028; x_wconf 84' lang='grc' dir='ltr'><strong><em>πρὸς</em></strong></span> <span class='ocrx_word' id='word_1_122' title='bbox 249 971 418 1028; x_wconf 67' lang='grc' dir='ltr'><strong><em>τροᾳην</em></strong></span> <span class='ocrx_word' id='word_1_123' title='bbox 451 970 748 1026; x_wconf 86' lang='grc' dir='ltr'><strong><em>λαμβάνουσιν</em></strong></span> <span class='ocrx_word' id='word_1_124' title='bbox 778 963 804 1026; x_wconf 73' lang='grc' dir='ltr'><em>ἢ</em></span> <span class='ocrx_word' id='word_1_125' title='bbox 836 969 1100 1027; x_wconf 82' lang='grc' dir='ltr'><strong><em>ἑψηθεῖσαν,</em></strong></span> <span class='ocrx_word' id='word_1_126' title='bbox 1133 967 1267 1023; x_wconf 87' lang='grc' dir='ltr'><strong><em>ελαίω</em></strong></span> <span class='ocrx_word' id='word_1_127' title='bbox 1292 965 1374 1022; x_wconf 80' lang='grc' dir='ltr'><strong><em>γὰρ</em></strong></span> <span class='ocrx_word' id='word_1_128' title='bbox 1407 981 1506 1020; x_wconf 82' lang='lat' dir='ltr'>oLLL</span> <span class='ocrx_word' id='word_1_129' title='bbox 1495 965 1762 1022; x_wconf 71' lang='grc' dir='ltr'><strong><em>τειρίραται,</em></strong></span> 
     </span>
     <span class='ocr_line' id='line_1_13' title="bbox 105 1031 1764 1097; baseline -0.005 -13.989"><span class='ocrx_word' id='word_1_130' title='bbox 105 1034 132 1097; x_wconf 74' lang='grc' dir='ltr'><strong><em>ι’]</em></strong></span> <span class='ocrx_word' id='word_1_131' title='bbox 162 1043 405 1096; x_wconf 84' lang='grc' dir='ltr'><strong><em>γενομένων</em></strong></span> <span class='ocrx_word' id='word_1_132' title='bbox 438 1056 595 1093; x_wconf 88' lang='grc' dir='ltr'><strong><em>αρτων.</em></strong></span> <span class='ocrx_word' id='word_1_133' title='bbox 649 1038 798 1093; x_wconf 78' lang='grc' dir='ltr'><strong><em>ἱερέως</em></strong></span> <span class='ocrx_word' id='word_1_134' title='bbox 830 1037 876 1079; x_wconf 84' lang='grc' dir='ltr'><strong><em>δὲ</em></strong></span> <span class='ocrx_word' id='word_1_135' title='bbox 905 1040 1169 1091; x_wconf 90' lang='grc' dir='ltr'><strong><em>κομίσαντος</em></strong></span> <span class='ocrx_word' id='word_1_136' title='bbox 1197 1036 1271 1078; x_wconf 89' lang='grc' dir='ltr'><strong><em>καὶ</em></strong></span> <span class='ocrx_word' id='word_1_137' title='bbox 1302 1031 1550 1078; x_wconf 83' lang='grc' dir='ltr'><strong><em>ὁποσονουν</em></strong></span> <span class='ocrx_word' id='word_1_138' title='bbox 1580 1031 1764 1076; x_wconf 84' lang='grc' dir='ltr'><strong><em>ὁλοκαυ-</em></strong></span> 
     </span>
     <span class='ocr_line' id='line_1_14' title="bbox 105 1098 1876 1163; baseline -0.005 -12"><span class='ocrx_word' id='word_1_139' title='bbox 105 1117 196 1151; x_wconf 91' lang='grc' dir='ltr'><strong><em>τεῖν</em></strong></span> <span class='ocrx_word' id='word_1_140' title='bbox 237 1103 484 1163; x_wconf 74' lang='grc' dir='ltr'><strong><em>ἀναγκαῖον.</em></strong></span> <span class='ocrx_word' id='word_1_141' title='bbox 543 1105 699 1148; x_wconf 85' lang='grc' dir='ltr'><strong><em>κωλύει</em></strong></span> <span class='ocrx_word' id='word_1_142' title='bbox 739 1105 846 1148; x_wconf 82' lang='grc' dir='ltr'><strong><em>δὲο</em></strong></span> <span class='ocrx_word' id='word_1_143' title='bbox 888 1104 1020 1159; x_wconf 87' lang='grc' dir='ltr'><strong><em>νόμος</em></strong></span> <span class='ocrx_word' id='word_1_144' title='bbox 1057 1103 1186 1147; x_wconf 84' lang='grc' dir='ltr'><strong><em>θύειν</em></strong></span> <span class='ocrx_word' id='word_1_145' title='bbox 1230 1103 1338 1158; x_wconf 80' lang='grc' dir='ltr'><strong><em>ζιῦον</em></strong></span> <span class='ocrx_word' id='word_1_146' title='bbox 1370 1098 1623 1159; x_wconf 80' lang='grc' dir='ltr'><strong><em>αὐθημερὸν</em></strong></span> <span class='ocrx_word' id='word_1_147' title='bbox 1653 1099 1763 1154; x_wconf 86' lang='grc' dir='ltr'><strong><em>μετὰ</em></strong></span> <span class='ocrx_word' id='word_1_148' title='bbox 1795 1104 1876 1143; x_wconf 74' lang='grc'><strong><em>236</em></strong></span> 
     </span>
     <span class='ocr_line' id='line_1_15' title="bbox 105 1165 1765 1231; baseline -0.005 -12"><span class='ocrx_word' id='word_1_149' title='bbox 105 1177 183 1219; x_wconf 83' lang='grc' dir='ltr'><strong><em>τοῦ</em></strong></span> <span class='ocrx_word' id='word_1_150' title='bbox 222 1174 523 1231; x_wconf 87' lang='grc' dir='ltr'><strong><em>γεγεννηκότος</em></strong></span> <span class='ocrx_word' id='word_1_151' title='bbox 563 1172 596 1216; x_wconf 54' lang='grc' dir='ltr'><strong><em>ἐν</em></strong></span> <span class='ocrx_word' id='word_1_152' title='bbox 594 1191 637 1216; x_wconf 80' lang='grc' dir='ltr'><strong><em>τι</em></strong></span> <span class='ocrx_word' id='word_1_153' title='bbox 677 1168 834 1225; x_wconf 88' lang='grc' dir='ltr'><strong><em>ταυτό,</em></strong></span> <span class='ocrx_word' id='word_1_154' title='bbox 875 1167 970 1215; x_wconf 73' lang='grc' dir='ltr'><strong><em>οὐδ’</em></strong></span> <span class='ocrx_word' id='word_1_155' title='bbox 998 1168 1142 1222; x_wconf 77' lang='grc' dir='ltr'><strong><em>ἄλλως</em></strong></span> <span class='ocrx_word' id='word_1_156' title='bbox 1181 1171 1227 1213; x_wconf 83' lang='grc' dir='ltr'><strong><em>δὲ</em></strong></span> <span class='ocrx_word' id='word_1_157' title='bbox 1267 1171 1374 1225; x_wconf 81' lang='grc' dir='ltr'><strong><em>πρὶν</em></strong></span> <span class='ocrx_word' id='word_1_158' title='bbox 1413 1165 1570 1226; x_wconf 77' lang='grc' dir='ltr'><strong><em>ὀγδόην</em></strong></span> <span class='ocrx_word' id='word_1_159' title='bbox 1601 1166 1765 1225; x_wconf 80' lang='grc' dir='ltr'><strong><em>ἡμέραν</em></strong></span> 
     </span>
    </p>

    <p class='ocr_par' dir='ltr' id='par_1_5' title="bbox 41 1235 1767 1501">
     <span class='ocr_line' id='line_1_16' title="bbox 41 1235 1765 1300; baseline -0.005 -14"><span class='ocrx_word' id='word_1_160' title='bbox 41 1253 78 1286; x_wconf 86' lang='grc'><strong><em>15</em></strong></span> <span class='ocrx_word' id='word_1_161' title='bbox 108 1246 362 1300; x_wconf 69' lang='grc' dir='ltr'><strong><em>γεννηθέντι</em></strong></span> <span class='ocrx_word' id='word_1_162' title='bbox 393 1242 602 1285; x_wconf 86' lang='grc' dir='ltr'><strong><em>διελθεῖν.</em></strong></span> <span class='ocrx_word' id='word_1_163' title='bbox 662 1245 857 1296; x_wconf 88' lang='grc' dir='ltr'><strong><em>γίνονται</em></strong></span> <span class='ocrx_word' id='word_1_164' title='bbox 890 1240 936 1282; x_wconf 81' lang='grc' dir='ltr'><strong><em>δὲ</em></strong></span> <span class='ocrx_word' id='word_1_165' title='bbox 976 1236 1108 1282; x_wconf 77' lang='grc' dir='ltr'><strong><em>ἄλλαι</em></strong></span> <span class='ocrx_word' id='word_1_166' title='bbox 1142 1242 1303 1282; x_wconf 90' lang='grc' dir='ltr'><strong><em>θυσίαι</em></strong></span> <span class='ocrx_word' id='word_1_167' title='bbox 1333 1235 1445 1293; x_wconf 76' lang='grc' dir='ltr'><strong><em>ὑπὲρ</em></strong></span> <span class='ocrx_word' id='word_1_168' title='bbox 1475 1239 1553 1280; x_wconf 83' lang='grc' dir='ltr'><strong><em>τοῦ</em></strong></span> <span class='ocrx_word' id='word_1_169' title='bbox 1583 1236 1663 1287; x_wconf 83' lang='grc' dir='ltr'><strong><em>τὰς</em></strong></span> <span class='ocrx_word' id='word_1_170' title='bbox 1693 1236 1765 1279; x_wconf 91' lang='grc' dir='ltr'><strong><em>νό-</em></strong></span> 
     </span>
     <span class='ocr_line' id='line_1_17' title="bbox 110 1301 1767 1368; baseline -0.005 -14"><span class='ocrx_word' id='word_1_171' title='bbox 110 1326 214 1361; x_wconf 84' lang='grc' dir='ltr'><strong><em>σους</em></strong></span> <span class='ocrx_word' id='word_1_172' title='bbox 246 1311 474 1368; x_wconf 78' lang='grc' dir='ltr'><strong><em>διαφυγεῖν</em></strong></span> <span class='ocrx_word' id='word_1_173' title='bbox 503 1301 530 1365; x_wconf 78' lang='grc' dir='ltr'><em>ἢ</em></span> <span class='ocrx_word' id='word_1_174' title='bbox 560 1304 657 1350; x_wconf 73' lang='grc' dir='ltr'><strong><em>κατ’</em></strong></span> <span class='ocrx_word' id='word_1_175' title='bbox 686 1304 821 1358; x_wconf 73' lang='grc' dir='ltr'><strong><em>ἄλλας</em></strong></span> <span class='ocrx_word' id='word_1_176' title='bbox 853 1307 1010 1359; x_wconf 83' lang='grc' dir='ltr'><strong><em>αἰτίας,</em></strong></span> <span class='ocrx_word' id='word_1_177' title='bbox 1052 1307 1115 1357; x_wconf 83' lang='grc' dir='ltr'><strong><em>εἷς</em></strong></span> <span class='ocrx_word' id='word_1_178' title='bbox 1145 1306 1197 1357; x_wconf 78' lang='grc' dir='ltr'><strong><em>ἃς</em></strong></span> <span class='ocrx_word' id='word_1_179' title='bbox 1235 1309 1446 1360; x_wconf 84' lang='grc' dir='ltr'><strong><em>πέμματα</em></strong></span> <span class='ocrx_word' id='word_1_180' title='bbox 1478 1304 1555 1347; x_wconf 74' lang='grc' dir='ltr'><strong><em>σὺν</em></strong></span> <span class='ocrx_word' id='word_1_181' title='bbox 1589 1304 1767 1360; x_wconf 83' lang='grc' dir='ltr'><strong><em>ἱερείοις</em></strong></span> 
     </span>
     <span class='ocr_line' id='line_1_18' title="bbox 110 1370 1766 1431; baseline -0.005 -10"><span class='ocrx_word' id='word_1_182' title='bbox 110 1373 405 1429; x_wconf 72' lang='grc' dir='ltr'><strong><em>ἀναλίσκεται,</em></strong></span> <span class='ocrx_word' id='word_1_183' title='bbox 438 1372 498 1419; x_wconf 75' lang='grc' dir='ltr'><strong><em>ὦν</em></strong></span> <span class='ocrx_word' id='word_1_184' title='bbox 531 1376 594 1425; x_wconf 83' lang='grc' dir='ltr'><strong><em>εἷς</em></strong></span> <span class='ocrx_word' id='word_1_185' title='bbox 613 1374 692 1431; x_wconf 76' lang='grc' dir='ltr'><strong><em>την</em></strong></span> <span class='ocrx_word' id='word_1_186' title='bbox 714 1373 899 1431; x_wconf 75' lang='grc' dir='ltr'><strong><em>ὑστέραν</em></strong></span> <span class='ocrx_word' id='word_1_187' title='bbox 921 1370 1047 1417; x_wconf 69' lang='grc' dir='ltr'><strong><em>οὐδὲν</em></strong></span> <span class='ocrx_word' id='word_1_188' title='bbox 1066 1371 1308 1418; x_wconf 74' lang='grc' dir='ltr'><strong><em>ὑπολιπεῖν</em></strong></span> <span class='ocrx_word' id='word_1_189' title='bbox 1331 1372 1424 1416; x_wconf 75' lang='grc' dir='ltr'><strong><em>ἐστι</em></strong></span> <span class='ocrx_word' id='word_1_190' title='bbox 1448 1372 1646 1427; x_wconf 89' lang='grc' dir='ltr'><strong><em>νόμιμον,</em></strong></span> <span class='ocrx_word' id='word_1_191' title='bbox 1678 1374 1766 1414; x_wconf 80' lang='grc' dir='ltr'><strong><em>τῶν</em></strong></span> 
     </span>
     <span class='ocr_line' id='line_1_19' title="bbox 111 1443 838 1501; baseline -0.006 -13"><span class='ocrx_word' id='word_1_192' title='bbox 111 1446 261 1501; x_wconf 90' lang='grc' dir='ltr'><strong><em>ἱερέων</em></strong></span> <span class='ocrx_word' id='word_1_193' title='bbox 291 1448 423 1501; x_wconf 88' lang='grc' dir='ltr'><strong><em>μέρος</em></strong></span> <span class='ocrx_word' id='word_1_194' title='bbox 454 1444 569 1487; x_wconf 78' lang='grc' dir='ltr'><strong><em>ἰ’διον</em></strong></span> <span class='ocrx_word' id='word_1_195' title='bbox 601 1443 838 1498; x_wconf 74' lang='grc' dir='ltr'><strong><em>λαβόντων.</em></strong></span> 
     </span>
    </p>

    <p class='ocr_par' dir='ltr' id='par_1_6' title="bbox 223 1501 1879 1568">
     <span class='ocr_line' id='line_1_20' title="bbox 223 1501 1879 1568; baseline -0.005 -12"><span class='ocrx_word' id='word_1_196' title='bbox 223 1514 278 1557; x_wconf 90' lang='grc' dir='ltr'><strong><em>Χ.</em></strong></span> <span class='ocrx_word' id='word_1_197' title='bbox 322 1516 358 1555; x_wconf 93' lang='grc'><strong><em>1.</em></strong></span> <span class='ocrx_word' id='word_1_198' title='bbox 396 1507 462 1555; x_wconf 82' lang='grc' dir='ltr'><strong><em>Ἐκ</em></strong></span> <span class='ocrx_word' id='word_1_199' title='bbox 493 1511 539 1554; x_wconf 81' lang='grc' dir='ltr'><strong><em>δὲ</em></strong></span> <span class='ocrx_word' id='word_1_200' title='bbox 568 1513 645 1554; x_wconf 83' lang='grc' dir='ltr'><strong><em>τοῦ</em></strong></span> <span class='ocrx_word' id='word_1_201' title='bbox 668 1511 881 1568; x_wconf 86' lang='grc' dir='ltr'><strong><em>δημοσίου</em></strong></span> <span class='ocrx_word' id='word_1_202' title='bbox 904 1506 1192 1564; x_wconf 79' lang='grc' dir='ltr'><strong><em>ἀναλώματος</em></strong></span> <span class='ocrx_word' id='word_1_203' title='bbox 1213 1508 1346 1563; x_wconf 88' lang='grc' dir='ltr'><strong><em>νόμος</em></strong></span> <span class='ocrx_word' id='word_1_204' title='bbox 1377 1507 1495 1550; x_wconf 76' lang='grc' dir='ltr'><strong><em>ἐστὶν</em></strong></span> <span class='ocrx_word' id='word_1_205' title='bbox 1526 1503 1637 1563; x_wconf 72' lang='grc' dir='ltr'><strong><em>ἄρνα</em></strong></span> <span class='ocrx_word' id='word_1_206' title='bbox 1656 1501 1763 1548; x_wconf 76' lang='grc' dir='ltr'><strong><em>καθ’</em></strong></span> <span class='ocrx_word' id='word_1_207' title='bbox 1800 1510 1879 1550; x_wconf 87' lang='grc'><strong><em>237</em></strong></span> 
     </span>
    </p>

    <p class='ocr_par' dir='ltr' id='par_1_7' title="bbox 44 1573 1883 1841">
     <span class='ocr_line' id='line_1_21' title="bbox 44 1573 1767 1637; baseline -0.005 -13"><span class='ocrx_word' id='word_1_208' title='bbox 44 1590 81 1624; x_wconf 85' lang='grc'><strong><em>20</em></strong></span> <span class='ocrx_word' id='word_1_209' title='bbox 112 1579 295 1637; x_wconf 79' lang='grc' dir='ltr'><strong><em>ἑκάστην</em></strong></span> <span class='ocrx_word' id='word_1_210' title='bbox 326 1577 492 1636; x_wconf 78' lang='grc' dir='ltr'><strong><em>ἡμέραν</em></strong></span> <span class='ocrx_word' id='word_1_211' title='bbox 524 1578 780 1637; x_wconf 74' lang='grc' dir='ltr'><strong><em>σφάζεσθαι</em></strong></span> <span class='ocrx_word' id='word_1_212' title='bbox 810 1580 897 1620; x_wconf 81' lang='grc' dir='ltr'><strong><em>τῶν</em></strong></span> <span class='ocrx_word' id='word_1_213' title='bbox 920 1573 1137 1621; x_wconf 69' lang='grc' dir='ltr'><strong><em>αὐτοετῶν</em></strong></span> <span class='ocrx_word' id='word_1_214' title='bbox 1160 1573 1399 1633; x_wconf 73' lang='grc' dir='ltr'><strong><em>ἀρχομένης</em></strong></span> <span class='ocrx_word' id='word_1_215' title='bbox 1427 1591 1474 1617; x_wconf 91' lang='grc' dir='ltr'><strong><em>τε</em></strong></span> <span class='ocrx_word' id='word_1_216' title='bbox 1504 1573 1668 1631; x_wconf 79' lang='grc' dir='ltr'><strong><em>ἡμέρας</em></strong></span> <span class='ocrx_word' id='word_1_217' title='bbox 1696 1575 1767 1616; x_wconf 83' lang='grc' dir='ltr'><strong><em>καὶ</em></strong></span> 
     </span>
     <span class='ocr_line' id='line_1_22' title="bbox 113 1640 1769 1725; baseline -0.004 -34"><span class='ocrx_word' id='word_1_218' title='bbox 113 1647 347 1706; x_wconf 85' lang='grc' dir='ltr'><strong><em>ληγούσης,</em></strong></span> <span class='ocrx_word' id='word_1_219' title='bbox 388 1646 498 1690; x_wconf 81' lang='grc' dir='ltr'><strong><em>κατὰ</em></strong></span> <span class='ocrx_word' id='word_1_220' title='bbox 531 1647 577 1690; x_wconf 82' lang='grc' dir='ltr'><strong><em>δὲ</em></strong></span> <span class='ocrx_word' id='word_1_221' title='bbox 607 1646 798 1725; x_wconf 78' lang='grc' dir='ltr'><strong><em>ἑβδόμην</em></strong></span> <span class='ocrx_word' id='word_1_222' title='bbox 836 1642 1022 1702; x_wconf 86' lang='grc' dir='ltr'><strong><em>ἡμέραν,</em></strong></span> <span class='ocrx_word' id='word_1_223' title='bbox 1063 1640 1159 1701; x_wconf 76' lang='grc' dir='ltr'><strong><em>ν’τις</em></strong></span> <span class='ocrx_word' id='word_1_224' title='bbox 1197 1644 1398 1699; x_wconf 79' lang='grc' dir='ltr'><strong><em>σάββατα</em></strong></span> <span class='ocrx_word' id='word_1_225' title='bbox 1436 1643 1653 1695; x_wconf 85' lang='grc' dir='ltr'><strong><em>καλεῖται,</em></strong></span> <span class='ocrx_word' id='word_1_226' title='bbox 1693 1641 1769 1684; x_wconf 72' lang='grc' dir='ltr'><strong><em>δύο</em></strong></span> 
     </span>
     <span class='ocr_line' id='line_1_23' title="bbox 115 1709 1883 1774; baseline -0.004 -15"><span class='ocrx_word' id='word_1_227' title='bbox 115 1716 363 1774; x_wconf 81' lang='grc' dir='ltr'><strong><em>σφάττουσι</em></strong></span> <span class='ocrx_word' id='word_1_228' title='bbox 397 1714 474 1758; x_wconf 85' lang='grc' dir='ltr'><strong><em>τὸν</em></strong></span> <span class='ocrx_word' id='word_1_229' title='bbox 515 1710 647 1758; x_wconf 88' lang='grc' dir='ltr'><strong><em>αυτὸν</em></strong></span> <span class='ocrx_word' id='word_1_230' title='bbox 685 1713 854 1768; x_wconf 84' lang='grc' dir='ltr'><strong><em>τρόπον</em></strong></span> <span class='ocrx_word' id='word_1_231' title='bbox 894 1713 1228 1769; x_wconf 82' lang='grc' dir='ltr'><strong><em>ἱερουργοῦντες.</em></strong></span> <span class='ocrx_word' id='word_1_232' title='bbox 1288 1729 1339 1768; x_wconf 80' lang='grc' dir='ltr'><strong><em>τῃ</em></strong></span> <span class='ocrx_word' id='word_1_233' title='bbox 1373 1711 1419 1754; x_wconf 82' lang='grc' dir='ltr'><strong><em>δὲ</em></strong></span> <span class='ocrx_word' id='word_1_234' title='bbox 1451 1714 1663 1767; x_wconf 85' lang='grc' dir='ltr'><strong><em>νουμηνία</em></strong></span> <span class='ocrx_word' id='word_1_235' title='bbox 1691 1709 1771 1760; x_wconf 90' lang='grc' dir='ltr'><strong><em>τάς</em></strong></span> <span class='ocrx_word' id='word_1_236' title='bbox 1802 1712 1883 1754; x_wconf 80' lang='grc'><strong><em>238</em></strong></span> 
     </span>
     <span class='ocr_line' id='line_1_24' title="bbox 114 1773 1772 1841; baseline -0.005 -14"><span class='ocrx_word' id='word_1_237' title='bbox 114 1800 161 1827; x_wconf 89' lang='grc' dir='ltr'><strong><em>τε</em></strong></span> <span class='ocrx_word' id='word_1_238' title='bbox 206 1782 509 1841; x_wconf 83' lang='grc' dir='ltr'><strong><em>καθημερινὰς</em></strong></span> <span class='ocrx_word' id='word_1_239' title='bbox 554 1786 719 1832; x_wconf 83' lang='grc' dir='ltr'><strong><em>θυσίας</em></strong></span> <span class='ocrx_word' id='word_1_240' title='bbox 769 1780 1022 1824; x_wconf 88' lang='grc' dir='ltr'><strong><em>επιτελουσι</em></strong></span> <span class='ocrx_word' id='word_1_241' title='bbox 1064 1781 1136 1822; x_wconf 84' lang='grc' dir='ltr'><strong><em>καὶ</em></strong></span> <span class='ocrx_word' id='word_1_242' title='bbox 1183 1779 1259 1822; x_wconf 88' lang='grc' dir='ltr'><strong><em>δύο</em></strong></span> <span class='ocrx_word' id='word_1_243' title='bbox 1305 1779 1416 1834; x_wconf 87' lang='grc' dir='ltr'><strong><em>βόας</em></strong></span> <span class='ocrx_word' id='word_1_244' title='bbox 1462 1794 1540 1821; x_wconf 88' lang='grc' dir='ltr'><strong><em>συν</em></strong></span> <span class='ocrx_word' id='word_1_245' title='bbox 1588 1773 1772 1834; x_wconf 78' lang='grc' dir='ltr'><strong><em>ἀρνάσιν</em></strong></span> 
     </span>
    </p>
   </div>
   <div class='ocr_carea' id='block_1_3' title="bbox 228 1911 1773 1962">
    <p class='ocr_par' dir='ltr' id='par_1_8' title="bbox 228 1911 1773 1962">
     <span class='ocr_line' id='line_1_25' title="bbox 228 1911 1773 1962; baseline -0.005 -9"><span class='ocrx_word' id='word_1_246' title='bbox 228 1921 247 1961; x_wconf 64' lang='grc' dir='ltr'><strong>ς</strong></span> <span class='ocrx_word' id='word_1_247' title='bbox 273 1920 338 1954; x_wconf 76' lang='grc'><strong><em>233</em></strong></span> <span class='ocrx_word' id='word_1_248' title='bbox 352 1936 395 1948; x_wconf 91' lang='lat'><strong><em>=</em></strong></span> <span class='ocrx_word' id='word_1_249' title='bbox 408 1917 514 1953; x_wconf 83' lang='lat' dir='ltr'><strong>Num.</strong></span> <span class='ocrx_word' id='word_1_250' title='bbox 528 1916 596 1952; x_wconf 84' lang='lat' dir='ltr'><strong><em>XV</em></strong></span> <span class='ocrx_word' id='word_1_251' title='bbox 610 1919 646 1961; x_wconf 77' lang='lat'><strong><em>43</em></strong></span> <span class='ocrx_word' id='word_1_252' title='bbox 670 1919 691 1962; x_wconf 60' lang='grc' dir='ltr'><strong><em>ξ</em></strong></span> <span class='ocrx_word' id='word_1_253' title='bbox 706 1919 771 1952; x_wconf 81' lang='lat'><strong><em>236</em></strong></span> <span class='ocrx_word' id='word_1_254' title='bbox 783 1934 828 1946; x_wconf 88' lang='lat'>=</span> <span class='ocrx_word' id='word_1_255' title='bbox 840 1916 960 1951; x_wconf 78' lang='lat' dir='ltr'>Leuit.</span> <span class='ocrx_word' id='word_1_256' title='bbox 974 1914 1077 1950; x_wconf 81' lang='lat' dir='ltr'>XXII</span> <span class='ocrx_word' id='word_1_257' title='bbox 1092 1916 1145 1958; x_wconf 86' lang='lat'><strong><em>26,</em></strong></span> <span class='ocrx_word' id='word_1_258' title='bbox 1170 1913 1257 1958; x_wconf 73' lang='lat'>1143</span> <span class='ocrx_word' id='word_1_259' title='bbox 1282 1915 1303 1958; x_wconf 60' lang='lat' dir='ltr'>g</span> <span class='ocrx_word' id='word_1_260' title='bbox 1318 1915 1381 1948; x_wconf 76' lang='lat'><strong><em>237</em></strong></span> <span class='ocrx_word' id='word_1_261' title='bbox 1395 1931 1438 1944; x_wconf 87' lang='lat'>=</span> <span class='ocrx_word' id='word_1_262' title='bbox 1451 1912 1557 1948; x_wconf 80' lang='lat' dir='ltr'><strong>Num.</strong></span> <span class='ocrx_word' id='word_1_263' title='bbox 1572 1911 1728 1948; x_wconf 82' lang='lat' dir='ltr'>XXVIII</span> <span class='ocrx_word' id='word_1_264' title='bbox 1743 1914 1773 1945; x_wconf 87' lang='lat'><strong><em>3.</em></strong></span> 
     </span>
    </p>
   </div>
   <div class='ocr_carea' id='block_1_4' title="bbox 226 2052 494 2090">
    <p class='ocr_par' dir='ltr' id='par_1_9' title="bbox 226 2052 494 2090">
     <span class='ocr_line' id='line_1_26' title="bbox 226 2052 494 2090; baseline -0.011 0"><span class='ocrx_word' id='word_1_265' title='bbox 226 2052 494 2090; x_wconf 78' lang='lat' dir='ltr'>ROMSPLLat</span> 
     </span>
    </p>
   </div>
   <div class='ocr_carea' id='block_1_5' title="bbox 117 2109 1778 2390">
    <p class='ocr_par' dir='ltr' id='par_1_10' title="bbox 117 2109 1777 2336">
     <span class='ocr_line' id='line_1_27' title="bbox 231 2109 1777 2163; baseline -0.005 -6"><span class='ocrx_word' id='word_1_266' title='bbox 231 2124 246 2156; x_wconf 86' lang='lat'>1</span> <span class='ocrx_word' id='word_1_267' title='bbox 273 2121 441 2157; x_wconf 84' lang='grc' dir='ltr'><strong><em>ἰδιωταῖσ</em></strong></span> <span class='ocrx_word' id='word_1_268' title='bbox 465 2120 493 2155; x_wconf 94' lang='grc' dir='ltr'>Ο</span> <span class='ocrx_word' id='word_1_269' title='bbox 522 2155 527 2157; x_wconf 85' lang='grc'>,</span> <span class='ocrx_word' id='word_1_270' title='bbox 585 2120 734 2162; x_wconf 79' lang='grc' dir='ltr'><strong><em>θυσίαις</em></strong></span> <span class='ocrx_word' id='word_1_271' title='bbox 758 2118 868 2154; x_wconf 88' lang='lat' dir='ltr'><strong>om.O</strong></span> <span class='ocrx_word' id='word_1_272' title='bbox 962 2120 981 2152; x_wconf 87' lang='grc'>2</span> <span class='ocrx_word' id='word_1_273' title='bbox 1007 2113 1102 2162; x_wconf 80' lang='grc' dir='ltr'><strong><em>οἷρνὶ]</em></strong></span> <span class='ocrx_word' id='word_1_274' title='bbox 1128 2112 1267 2163; x_wconf 77' lang='grc' dir='ltr'><strong><em>οἷρνειιῦ</em></strong></span> <span class='ocrx_word' id='word_1_275' title='bbox 1292 2115 1346 2150; x_wconf 86' lang='lat' dir='ltr'><strong><em>SP</em></strong></span> <span class='ocrx_word' id='word_1_276' title='bbox 1371 2110 1512 2161; x_wconf 82' lang='grc' dir='ltr'><strong><em>α’ρνείω</em></strong></span> <span class='ocrx_word' id='word_1_277' title='bbox 1538 2114 1569 2148; x_wconf 90' lang='lat' dir='ltr'>L</span> <span class='ocrx_word' id='word_1_278' title='bbox 1661 2109 1777 2150; x_wconf 74' lang='grc' dir='ltr'><strong><em>ἅσσά-</em></strong></span> 
     </span>
     <span class='ocr_line' id='line_1_28' title="bbox 119 2169 1777 2225; baseline -0.005 -12"><span class='ocrx_word' id='word_1_279' title='bbox 119 2190 246 2225; x_wconf 89' lang='grc' dir='ltr'><strong><em>ρωνοσ</em></strong></span> <span class='ocrx_word' id='word_1_280' title='bbox 269 2177 334 2213; x_wconf 90' lang='lat' dir='ltr'><strong><em>MS</em></strong></span> <span class='ocrx_word' id='word_1_281' title='bbox 358 2177 489 2211; x_wconf 73' lang='lat' dir='ltr'><em>assarii</em></span> <span class='ocrx_word' id='word_1_282' title='bbox 512 2176 584 2211; x_wconf 81' lang='lat' dir='ltr'>Lat</span> <span class='ocrx_word' id='word_1_283' title='bbox 677 2179 695 2211; x_wconf 86' lang='lat'><strong>3</strong></span> <span class='ocrx_word' id='word_1_284' title='bbox 720 2178 827 2222; x_wconf 83' lang='grc' dir='ltr'><strong><em>κριιῦι</em></strong></span> <span class='ocrx_word' id='word_1_285' title='bbox 853 2185 898 2210; x_wconf 85' lang='lat' dir='ltr'><strong><em>ex</em></strong></span> <span class='ocrx_word' id='word_1_286' title='bbox 921 2176 1039 2220; x_wconf 79' lang='grc' dir='ltr'><strong><em>κριῶν</em></strong></span> <span class='ocrx_word' id='word_1_287' title='bbox 1064 2183 1155 2209; x_wconf 86' lang='lat' dir='ltr'>corr.</span> <span class='ocrx_word' id='word_1_288' title='bbox 1183 2172 1207 2206; x_wconf 89' lang='lat' dir='ltr'>S</span> <span class='ocrx_word' id='word_1_289' title='bbox 1299 2169 1449 2217; x_wconf 71' lang='grc' dir='ltr'><strong><em>ταύρων</em></strong></span> <span class='ocrx_word' id='word_1_290' title='bbox 1472 2171 1502 2205; x_wconf 90' lang='lat' dir='ltr'>L</span> <span class='ocrx_word' id='word_1_291' title='bbox 1596 2171 1777 2216; x_wconf 74' lang='grc' dir='ltr'><strong><em>καθαγνί-</em></strong></span> 
     </span>
     <span class='ocr_line' id='line_1_29' title="bbox 117 2226 1776 2279; baseline -0.005 -9"><span class='ocrx_word' id='word_1_292' title='bbox 117 2236 257 2279; x_wconf 85' lang='grc' dir='ltr'><strong><em>ζουσιν]</em></strong></span> <span class='ocrx_word' id='word_1_293' title='bbox 281 2230 580 2279; x_wconf 75' lang='grc' dir='ltr'><strong><em>καθαγιάζοισιν</em></strong></span> <span class='ocrx_word' id='word_1_294' title='bbox 602 2232 745 2267; x_wconf 84' lang='lat' dir='ltr'>MS¹PL</span> <span class='ocrx_word' id='word_1_295' title='bbox 770 2232 1046 2277; x_wconf 78' lang='grc' dir='ltr'><strong><em>καθαγίζουσιν</em></strong></span> <span class='ocrx_word' id='word_1_296' title='bbox 1063 2228 1109 2264; x_wconf 86' lang='lat' dir='ltr'><strong><em>S²</em></strong></span> <span class='ocrx_word' id='word_1_297' title='bbox 1173 2230 1228 2264; x_wconf 80' lang='grc' dir='ltr'><strong><em>τῶ</em></strong></span> <span class='ocrx_word' id='word_1_298' title='bbox 1253 2238 1319 2262; x_wconf 88' lang='lat' dir='ltr'><strong><em>om.</em></strong></span> <span class='ocrx_word' id='word_1_299' title='bbox 1345 2227 1409 2262; x_wconf 86' lang='lat' dir='ltr'><strong><em>Ro</em></strong></span> <span class='ocrx_word' id='word_1_300' title='bbox 1479 2229 1498 2259; x_wconf 81' lang='lat'>4</span> <span class='ocrx_word' id='word_1_301' title='bbox 1522 2226 1776 2273; x_wconf 80' lang='grc' dir='ltr'><strong><em>μεμαγμένον]</em></strong></span> 
     </span>
     <span class='ocr_line' id='line_1_30' title="bbox 117 2279 1776 2336; baseline -0.007 -9"><span class='ocrx_word' id='word_1_302' title='bbox 117 2303 211 2335; x_wconf 86' lang='grc' dir='ltr'><strong><em>μεμ·</em></strong></span> <span class='ocrx_word' id='word_1_303' title='bbox 224 2289 389 2336; x_wconf 87' lang='grc' dir='ltr'><strong><em>αγμένον</em></strong></span> <span class='ocrx_word' id='word_1_304' title='bbox 412 2289 446 2323; x_wconf 87' lang='lat' dir='ltr'><strong>R</strong></span> <span class='ocrx_word' id='word_1_305' title='bbox 468 2288 708 2335; x_wconf 82' lang='grc' dir='ltr'><strong><em>μεμϊγμένον,</em></strong></span> <span class='ocrx_word' id='word_1_306' title='bbox 732 2293 748 2323; x_wconf 79' lang='lat' dir='ltr'><strong><em>&#39;L&#39;</em></strong></span> <span class='ocrx_word' id='word_1_307' title='bbox 768 2298 812 2323; x_wconf 83' lang='lat' dir='ltr'><strong><em>ex</em></strong></span> <span class='ocrx_word' id='word_1_308' title='bbox 837 2302 858 2324; x_wconf 86' lang='grc' dir='ltr'><strong><em>υ</em></strong></span> <span class='ocrx_word' id='word_1_309' title='bbox 882 2298 973 2322; x_wconf 85' lang='lat' dir='ltr'>corr.</span> <span class='ocrx_word' id='word_1_310' title='bbox 999 2286 1072 2322; x_wconf 86' lang='lat' dir='ltr'><strong>uid.</strong></span> <span class='ocrx_word' id='word_1_311' title='bbox 1098 2285 1136 2320; x_wconf 93' lang='lat' dir='ltr'>M</span> <span class='ocrx_word' id='word_1_312' title='bbox 1252 2281 1326 2330; x_wconf 79' lang='grc' dir='ltr'><strong><em>γὰρ</em></strong></span> <span class='ocrx_word' id='word_1_313' title='bbox 1351 2294 1418 2318; x_wconf 90' lang='lat' dir='ltr'><strong><em>om.</em></strong></span> <span class='ocrx_word' id='word_1_314' title='bbox 1446 2283 1474 2318; x_wconf 94' lang='grc' dir='ltr'>Ο</span> <span class='ocrx_word' id='word_1_315' title='bbox 1586 2279 1626 2328; x_wconf 77' lang='grc' dir='ltr'><strong><em>δὴ</em></strong></span> <span class='ocrx_word' id='word_1_316' title='bbox 1653 2293 1720 2318; x_wconf 91' lang='lat' dir='ltr'><strong><em>om.</em></strong></span> <span class='ocrx_word' id='word_1_317' title='bbox 1745 2283 1776 2317; x_wconf 94' lang='lat' dir='ltr'>L</span> 
     </span>
    </p>

    <p class='ocr_par' dir='ltr' id='par_1_11' title="bbox 232 2335 1778 2390">
     <span class='ocr_line' id='line_1_31' title="bbox 232 2335 1778 2390; baseline -0.005 -10"><span class='ocrx_word' id='word_1_318' title='bbox 232 2349 250 2380; x_wconf 86' lang='lat'>5</span> <span class='ocrx_word' id='word_1_319' title='bbox 277 2342 356 2387; x_wconf 89' lang='grc' dir='ltr'><strong><em>ἰνὸς</em></strong></span> <span class='ocrx_word' id='word_1_320' title='bbox 379 2339 536 2390; x_wconf 64' lang='lat' dir='ltr'><strong><em>mum]-</em></strong></span> <span class='ocrx_word' id='word_1_321' title='bbox 551 2342 620 2381; x_wconf 85' lang='grc' dir='ltr'><strong><em>νὸσ</em></strong></span> <span class='ocrx_word' id='word_1_322' title='bbox 645 2348 750 2385; x_wconf 81' lang='lat' dir='ltr'><strong>(eras.</strong></span> <span class='ocrx_word' id='word_1_323' title='bbox 765 2343 796 2387; x_wconf 79' lang='grc' dir='ltr'><strong><em>ε’)</em></strong></span> <span class='ocrx_word' id='word_1_324' title='bbox 820 2338 933 2390; x_wconf 87' lang='grc' dir='ltr'><strong><em>ημίσυ</em></strong></span> <span class='ocrx_word' id='word_1_325' title='bbox 950 2343 989 2378; x_wconf 90' lang='grc' dir='ltr'><strong>Μ</strong></span> <span class='ocrx_word' id='word_1_326' title='bbox 1015 2339 1104 2379; x_wconf 77' lang='grc' dir='ltr'><strong><em>ἑνὸσ</em></strong></span> <span class='ocrx_word' id='word_1_327' title='bbox 1128 2335 1239 2387; x_wconf 84' lang='grc' dir='ltr'><strong><em>η’μισυ</em></strong></span> <span class='ocrx_word' id='word_1_328' title='bbox 1264 2338 1298 2376; x_wconf 82' lang='grc' dir='ltr'><strong><em>ι’ν</em></strong></span> <span class='ocrx_word' id='word_1_329' title='bbox 1322 2339 1386 2375; x_wconf 86' lang='lat' dir='ltr'><strong><em>Ro</em></strong></span> <span class='ocrx_word' id='word_1_330' title='bbox 1413 2337 1502 2376; x_wconf 76' lang='grc' dir='ltr'><strong><em>ὲνὸσ</em></strong></span> <span class='ocrx_word' id='word_1_331' title='bbox 1527 2352 1638 2384; x_wconf 72' lang='grc' dir='ltr'><strong><em>ηαισι</em></strong></span> <span class='ocrx_word' id='word_1_332' title='bbox 1662 2338 1692 2373; x_wconf 90' lang='lat' dir='ltr'>L</span> <span class='ocrx_word' id='word_1_333' title='bbox 1716 2337 1778 2374; x_wconf 80' lang='grc' dir='ltr'><strong><em>Ιιιη</em></strong></span> 
     </span>
    </p>
   </div>
   <div class='ocr_carea' id='block_1_6' title="bbox 119 2393 1780 2558">
    <p class='ocr_par' dir='ltr' id='par_1_12' title="bbox 119 2393 1780 2558">
     <span class='ocr_line' id='line_1_32' title="bbox 119 2393 1688 2448; baseline -0.004 -11"><span class='ocrx_word' id='word_1_334' title='bbox 119 2402 342 2437; x_wconf 79' lang='lat' dir='ltr'><em>medietatem</em></span> <span class='ocrx_word' id='word_1_335' title='bbox 367 2400 438 2435; x_wconf 79' lang='lat' dir='ltr'>Lat</span> <span class='ocrx_word' id='word_1_336' title='bbox 542 2403 650 2447; x_wconf 80' lang='grc' dir='ltr'><strong><em>κριοῦ</em></strong></span> <span class='ocrx_word' id='word_1_337' title='bbox 674 2400 738 2436; x_wconf 88' lang='lat' dir='ltr'><strong><em>Ro</em></strong></span> <span class='ocrx_word' id='word_1_338' title='bbox 854 2402 986 2448; x_wconf 86' lang='grc' dir='ltr'><strong><em>τρίτον</em></strong></span> <span class='ocrx_word' id='word_1_339' title='bbox 1010 2396 1148 2435; x_wconf 77' lang='grc' dir='ltr'><strong><em>τούτου</em></strong></span> <span class='ocrx_word' id='word_1_340' title='bbox 1171 2400 1217 2432; x_wconf 86' lang='lat' dir='ltr'><strong><em>tr.</em></strong></span> <span class='ocrx_word' id='word_1_341' title='bbox 1243 2396 1296 2432; x_wconf 92' lang='lat' dir='ltr'><strong><em>SP</em></strong></span> <span class='ocrx_word' id='word_1_342' title='bbox 1405 2398 1424 2429; x_wconf 87' lang='grc'>6</span> <span class='ocrx_word' id='word_1_343' title='bbox 1449 2393 1634 2441; x_wconf 79' lang='grc' dir='ltr'><strong><em>τετάρτοῑ</em></strong></span> <span class='ocrx_word' id='word_1_344' title='bbox 1659 2394 1688 2430; x_wconf 95' lang='grc' dir='ltr'>Ο</span> 
     </span>
     <span class='ocr_line' id='line_1_33' title="bbox 119 2449 1780 2505; baseline -0.006 -10"><span class='ocrx_word' id='word_1_345' title='bbox 119 2457 221 2505; x_wconf 75' lang='grc' dir='ltr'><strong><em>ἀρνί]</em></strong></span> <span class='ocrx_word' id='word_1_346' title='bbox 246 2454 385 2504; x_wconf 80' lang='grc' dir='ltr'><strong><em>α’ρνειῶ</em></strong></span> <span class='ocrx_word' id='word_1_347' title='bbox 410 2456 464 2491; x_wconf 86' lang='lat' dir='ltr'><strong><em>SP</em></strong></span> <span class='ocrx_word' id='word_1_348' title='bbox 586 2456 636 2498; x_wconf 74' lang='grc' dir='ltr'><strong><em>ἲν,</em></strong></span> <span class='ocrx_word' id='word_1_349' title='bbox 657 2456 672 2492; x_wconf 79' lang='lat' dir='ltr'><strong><em>&#39;L&#39;</em></strong></span> <span class='ocrx_word' id='word_1_350' title='bbox 697 2468 741 2492; x_wconf 86' lang='lat' dir='ltr'><strong><em>ex</em></strong></span> <span class='ocrx_word' id='word_1_351' title='bbox 765 2455 783 2493; x_wconf 70' lang='grc' dir='ltr'><strong><em>ε’</em></strong></span> <span class='ocrx_word' id='word_1_352' title='bbox 808 2468 901 2493; x_wconf 89' lang='lat' dir='ltr'><strong>corr.</strong></span> <span class='ocrx_word' id='word_1_353' title='bbox 927 2457 966 2491; x_wconf 94' lang='lat' dir='ltr'>M</span> <span class='ocrx_word' id='word_1_354' title='bbox 990 2450 1035 2501; x_wconf 79' lang='grc' dir='ltr'><strong><em>ἦν</em></strong></span> <span class='ocrx_word' id='word_1_355' title='bbox 1059 2455 1090 2490; x_wconf 89' lang='lat' dir='ltr'>L</span> <span class='ocrx_word' id='word_1_356' title='bbox 1114 2453 1176 2488; x_wconf 80' lang='lat' dir='ltr'><strong><em>hin</em></strong></span> <span class='ocrx_word' id='word_1_357' title='bbox 1201 2454 1272 2488; x_wconf 82' lang='lat' dir='ltr'>Lat</span> <span class='ocrx_word' id='word_1_358' title='bbox 1392 2456 1409 2485; x_wconf 77' lang='lat'>7</span> <span class='ocrx_word' id='word_1_359' title='bbox 1437 2449 1594 2497; x_wconf 83' lang='grc' dir='ltr'><strong><em>εβραῖον</em></strong></span> <span class='ocrx_word' id='word_1_360' title='bbox 1618 2450 1780 2486; x_wconf 84' lang='lat' dir='ltr'>RM¹SP¹</span> 
     </span>
     <span class='ocr_line' id='line_1_34' title="bbox 234 2503 1777 2558; baseline -0.006 -8"><span class='ocrx_word' id='word_1_361' title='bbox 234 2511 400 2554; x_wconf 80' lang='grc' dir='ltr'><strong><em>δύναται]</em></strong></span> <span class='ocrx_word' id='word_1_362' title='bbox 427 2508 448 2549; x_wconf 74' lang='grc' dir='ltr'><em>ὃ</em></span> <span class='ocrx_word' id='word_1_363' title='bbox 473 2510 623 2549; x_wconf 80' lang='grc' dir='ltr'><strong><em>δύναται</em></strong></span> <span class='ocrx_word' id='word_1_364' title='bbox 650 2512 703 2548; x_wconf 86' lang='lat' dir='ltr'><strong><em>SP</em></strong></span> <span class='ocrx_word' id='word_1_365' title='bbox 808 2510 910 2558; x_wconf 84' lang='grc' dir='ltr'><strong><em>χοὰσ</em></strong></span> <span class='ocrx_word' id='word_1_366' title='bbox 933 2511 1065 2547; x_wconf 88' lang='lat' dir='ltr'>ROMS</span> <span class='ocrx_word' id='word_1_367' title='bbox 1169 2505 1360 2550; x_wconf 57' lang='grc' dir='ltr'><strong><em>,Ἀττικοί-ς]</em></strong></span> <span class='ocrx_word' id='word_1_368' title='bbox 1386 2503 1545 2544; x_wconf 79' lang='grc' dir='ltr'><strong><em>άττικὰσ</em></strong></span> <span class='ocrx_word' id='word_1_369' title='bbox 1569 2510 1722 2553; x_wconf 83' lang='grc' dir='ltr'><strong><em>ποιῆσαι</em></strong></span> <span class='ocrx_word' id='word_1_370' title='bbox 1746 2507 1777 2542; x_wconf 93' lang='lat' dir='ltr'>L</span> 
     </span>
    </p>
   </div>
   <div class='ocr_carea' id='block_1_7' title="bbox 121 2562 1779 2671">
    <p class='ocr_par' dir='ltr' id='par_1_13' title="bbox 121 2562 1779 2671">
     <span class='ocr_line' id='line_1_35' title="bbox 236 2562 1778 2615; baseline -0.006 -10"><span class='ocrx_word' id='word_1_371' title='bbox 236 2567 280 2606; x_wconf 85' lang='grc' dir='ltr'><strong><em>τὸ</em></strong></span> <span class='ocrx_word' id='word_1_372' title='bbox 307 2567 340 2605; x_wconf 79' lang='grc' dir='ltr'><strong><em>δ’</em></strong></span> <span class='ocrx_word' id='word_1_373' title='bbox 355 2571 432 2603; x_wconf 86' lang='grc'><strong><em>-8</em></strong></span> <span class='ocrx_word' id='word_1_374' title='bbox 450 2571 634 2615; x_wconf 81' lang='grc' dir='ltr'><strong><em>παρῆγον]</em></strong></span> <span class='ocrx_word' id='word_1_375' title='bbox 658 2569 853 2610; x_wconf 78' lang='lat' dir='ltr'><em>secundum</em></span> <span class='ocrx_word' id='word_1_376' title='bbox 877 2579 985 2614; x_wconf 78' lang='lat' dir='ltr'><em>quam</em></span> <span class='ocrx_word' id='word_1_377' title='bbox 1009 2577 1213 2602; x_wconf 81' lang='lat' dir='ltr'><em>mensuram</em></span> <span class='ocrx_word' id='word_1_378' title='bbox 1238 2564 1354 2600; x_wconf 77' lang='lat' dir='ltr'><em>oleum</em></span> <span class='ocrx_word' id='word_1_379' title='bbox 1371 2562 1572 2608; x_wconf 77' lang='lat' dir='ltr'><em>offerebant</em></span> <span class='ocrx_word' id='word_1_380' title='bbox 1596 2568 1630 2597; x_wconf 84' lang='lat' dir='ltr'><strong><em>ec</em></strong></span> <span class='ocrx_word' id='word_1_381' title='bbox 1654 2563 1778 2597; x_wconf 82' lang='lat' dir='ltr'><em>uinum</em></span> 
     </span>
     <span class='ocr_line' id='line_1_36' title="bbox 121 2616 1779 2671; baseline -0.004 -9"><span class='ocrx_word' id='word_1_382' title='bbox 121 2627 193 2662; x_wconf 78' lang='lat' dir='ltr'>Lat</span> <span class='ocrx_word' id='word_1_383' title='bbox 297 2625 451 2671; x_wconf 80' lang='grc' dir='ltr'><strong><em>μέτρον]</em></strong></span> <span class='ocrx_word' id='word_1_384' title='bbox 475 2624 544 2668; x_wconf 78' lang='grc' dir='ltr'><strong><em>μὲν</em></strong></span> <span class='ocrx_word' id='word_1_385' title='bbox 567 2624 631 2659; x_wconf 85' lang='lat' dir='ltr'><strong><em>RO</em></strong></span> <span class='ocrx_word' id='word_1_386' title='bbox 740 2628 759 2659; x_wconf 82' lang='lat'>9</span> <span class='ocrx_word' id='word_1_387' title='bbox 783 2623 979 2671; x_wconf 80' lang='grc' dir='ltr'><strong><em>ἐπενέγκαι</em></strong></span> <span class='ocrx_word' id='word_1_388' title='bbox 1003 2623 1130 2658; x_wconf 90' lang='lat' dir='ltr'>MSPL</span> <span class='ocrx_word' id='word_1_389' title='bbox 1242 2624 1282 2655; x_wconf 88' lang='lat'><strong><em>10</em></strong></span> <span class='ocrx_word' id='word_1_390' title='bbox 1306 2616 1481 2666; x_wconf 75' lang='grc' dir='ltr'><strong><em>ἐπιβάλοι</em></strong></span> <span class='ocrx_word' id='word_1_391' title='bbox 1507 2618 1537 2652; x_wconf 89' lang='lat' dir='ltr'>L</span> <span class='ocrx_word' id='word_1_392' title='bbox 1647 2617 1779 2665; x_wconf 81' lang='grc' dir='ltr'><strong><em>δράκα]</em></strong></span> 
     </span>
    </p>
   </div>
   <div class='ocr_carea' id='block_1_8' title="bbox 123 2689 1779 2762">
    <p class='ocr_par' dir='ltr' id='par_1_14' title="bbox 123 2689 1779 2762">
     <span class='ocr_line' id='line_1_37' title="bbox 123 2689 1779 2762; baseline -0.004 -12"><span class='ocrx_word' id='word_1_393' title='bbox 123 2716 309 2762; x_wconf 74' lang='lat' dir='ltr'><strong><em>draymam</em></strong></span> <span class='ocrx_word' id='word_1_394' title='bbox 323 2715 395 2749; x_wconf 76' lang='lat' dir='ltr'>Lat</span> <span class='ocrx_word' id='word_1_395' title='bbox 489 2717 525 2749; x_wconf 88' lang='lat'><strong><em>11</em></strong></span> <span class='ocrx_word' id='word_1_396' title='bbox 547 2713 752 2761; x_wconf 73' lang='grc' dir='ltr'><strong><em>ἓψεθεῖσαν</em></strong></span> <span class='ocrx_word' id='word_1_397' title='bbox 764 2715 835 2750; x_wconf 91' lang='lat' dir='ltr'><strong><em>ML</em></strong></span> <span class='ocrx_word' id='word_1_398' title='bbox 922 2717 962 2749; x_wconf 87' lang='grc'><strong><em>12</em></strong></span> <span class='ocrx_word' id='word_1_399' title='bbox 978 2689 1212 2757; x_wconf 64' lang='grc' dir='ltr'><strong><em>κομίσαντὶ)σ</em></strong></span> <span class='ocrx_word' id='word_1_400' title='bbox 1230 2710 1258 2745; x_wconf 90' lang='grc' dir='ltr'>Ρ</span> <span class='ocrx_word' id='word_1_401' title='bbox 1346 2706 1576 2751; x_wconf 82' lang='grc' dir='ltr'><strong><em>ὁλοκαυτεῖν,</em></strong></span> <span class='ocrx_word' id='word_1_402' title='bbox 1598 2714 1654 2745; x_wconf 86' lang='grc' dir='ltr'><strong><em>εῖν</em></strong></span> <span class='ocrx_word' id='word_1_403' title='bbox 1669 2709 1692 2743; x_wconf 87' lang='lat' dir='ltr'><strong><em>i.</em></strong></span> <span class='ocrx_word' id='word_1_404' title='bbox 1707 2719 1779 2744; x_wconf 83' lang='lat' dir='ltr'><strong>ras.</strong></span> 
     </span>
    </p>
   </div>
   <div class='ocr_carea' id='block_1_9' title="bbox 124 2761 1784 2982">
    <p class='ocr_par' dir='ltr' id='par_1_15' title="bbox 124 2761 1690 2817">
     <span class='ocr_line' id='line_1_38' title="bbox 124 2761 1690 2817; baseline -0.005 -10"><span class='ocrx_word' id='word_1_405' title='bbox 124 2776 183 2812; x_wconf 82' lang='lat' dir='ltr'><strong><em>(ex</em></strong></span> <span class='ocrx_word' id='word_1_406' title='bbox 206 2775 252 2817; x_wconf 86' lang='grc' dir='ltr'><strong><em>ῆν</em></strong></span> <span class='ocrx_word' id='word_1_407' title='bbox 274 2771 316 2813; x_wconf 91' lang='lat' dir='ltr'><strong><em>P)</em></strong></span> <span class='ocrx_word' id='word_1_408' title='bbox 341 2770 394 2806; x_wconf 86' lang='lat' dir='ltr'><strong><em>SP</em></strong></span> <span class='ocrx_word' id='word_1_409' title='bbox 421 2766 654 2807; x_wconf 82' lang='grc' dir='ltr'><strong><em>ὃλοκαυτοῦν</em></strong></span> <span class='ocrx_word' id='word_1_410' title='bbox 677 2771 706 2806; x_wconf 93' lang='lat' dir='ltr'>O</span> <span class='ocrx_word' id='word_1_411' title='bbox 806 2775 844 2807; x_wconf 89' lang='lat'><strong><em>13</em></strong></span> <span class='ocrx_word' id='word_1_412' title='bbox 869 2766 1015 2811; x_wconf 84' lang='grc' dir='ltr'><strong><em>κωλύει]</em></strong></span> <span class='ocrx_word' id='word_1_413' title='bbox 1039 2765 1140 2804; x_wconf 81' lang='grc' dir='ltr'><strong><em>κωλύ</em></strong></span> <span class='ocrx_word' id='word_1_414' title='bbox 1165 2767 1194 2802; x_wconf 96' lang='grc' dir='ltr'>Ο</span> <span class='ocrx_word' id='word_1_415' title='bbox 1287 2761 1542 2812; x_wconf 75' lang='grc' dir='ltr'><strong><em>αὐθημερινὸν</em></strong></span> <span class='ocrx_word' id='word_1_416' title='bbox 1566 2765 1690 2801; x_wconf 90' lang='lat' dir='ltr'>MSPL</span> 
     </span>
    </p>

    <p class='ocr_par' dir='ltr' id='par_1_16' title="bbox 128 2817 1784 2982">
     <span class='ocr_line' id='line_1_39' title="bbox 128 2817 1691 2874; baseline -0.004 -12"><span class='ocrx_word' id='word_1_417' title='bbox 128 2831 169 2863; x_wconf 81' lang='lat'><strong><em>14</em></strong></span> <span class='ocrx_word' id='word_1_418' title='bbox 192 2821 445 2874; x_wconf 84' lang='grc' dir='ltr'><strong><em>γεγενηκότοσ</em></strong></span> <span class='ocrx_word' id='word_1_419' title='bbox 471 2825 531 2861; x_wconf 92' lang='lat' dir='ltr'><strong><em>OL</em></strong></span> <span class='ocrx_word' id='word_1_420' title='bbox 616 2824 722 2864; x_wconf 76' lang='grc' dir='ltr'><strong><em>ἄλωσ</em></strong></span> <span class='ocrx_word' id='word_1_421' title='bbox 746 2826 774 2862; x_wconf 95' lang='grc' dir='ltr'><strong>Ο</strong></span> <span class='ocrx_word' id='word_1_422' title='bbox 863 2831 900 2861; x_wconf 77' lang='lat'><strong><em>17</em></strong></span> <span class='ocrx_word' id='word_1_423' title='bbox 926 2822 1098 2871; x_wconf 66' lang='grc' dir='ltr'><strong><em>ὑστέραν]</em></strong></span> <span class='ocrx_word' id='word_1_424' title='bbox 1131 2821 1264 2870; x_wconf 74' lang='grc' dir='ltr'><strong><em>ἑτέραν</em></strong></span> <span class='ocrx_word' id='word_1_425' title='bbox 1287 2821 1350 2857; x_wconf 85' lang='lat' dir='ltr'><strong><em>RO</em></strong></span> <span class='ocrx_word' id='word_1_426' title='bbox 1374 2817 1577 2868; x_wconf 76' lang='grc' dir='ltr'><strong><em>ὑστεραίαν</em></strong></span> <span class='ocrx_word' id='word_1_427' title='bbox 1598 2821 1691 2856; x_wconf 86' lang='lat' dir='ltr'>coni.</span> 
     </span>
     <span class='ocr_line' id='line_1_40' title="bbox 133 2877 1784 2925; baseline -0.005 -5"><span class='ocrx_word' id='word_1_428' title='bbox 133 2879 334 2920; x_wconf 72' lang='grc' dir='ltr'><strong><em>ἀπολιπεῖν·</em></strong></span> <span class='ocrx_word' id='word_1_429' title='bbox 358 2882 410 2917; x_wconf 90' lang='lat' dir='ltr'><strong><em>SP</em></strong></span> <span class='ocrx_word' id='word_1_430' title='bbox 511 2885 552 2917; x_wconf 88' lang='grc'><strong><em>20</em></strong></span> <span class='ocrx_word' id='word_1_431' title='bbox 578 2879 780 2925; x_wconf 72' lang='grc' dir='ltr'><strong><em>αὐτοετῶν]</em></strong></span> <span class='ocrx_word' id='word_1_432' title='bbox 807 2879 931 2919; x_wconf 79' lang='grc' dir='ltr'><strong><em>αὐτῶν</em></strong></span> <span class='ocrx_word' id='word_1_433' title='bbox 954 2880 1051 2917; x_wconf 82' lang='grc' dir='ltr'><strong><em>ἐτῶν</em></strong></span> <span class='ocrx_word' id='word_1_434' title='bbox 1074 2879 1138 2914; x_wconf 90' lang='lat' dir='ltr'><strong><em>RO</em></strong></span> <span class='ocrx_word' id='word_1_435' title='bbox 1238 2881 1290 2920; x_wconf 88' lang='grc' dir='ltr'><strong><em>τε]</em></strong></span> <span class='ocrx_word' id='word_1_436' title='bbox 1316 2881 1384 2924; x_wconf 86' lang='grc' dir='ltr'><strong><em>τῆσ</em></strong></span> <span class='ocrx_word' id='word_1_437' title='bbox 1408 2877 1436 2912; x_wconf 88' lang='grc' dir='ltr'><strong><em>Ρ</em></strong></span> <span class='ocrx_word' id='word_1_438' title='bbox 1531 2879 1571 2913; x_wconf 86' lang='grc'><strong><em>21</em></strong></span> <span class='ocrx_word' id='word_1_439' title='bbox 1597 2877 1784 2913; x_wconf 80' lang='lat' dir='ltr'><em>sabbatum</em></span> 
     </span>
     <span class='ocr_line' id='line_1_41' title="bbox 128 2935 1338 2982; baseline -0.002 -8"><span class='ocrx_word' id='word_1_440' title='bbox 128 2939 200 2974; x_wconf 85' lang='lat' dir='ltr'>Lat</span> <span class='ocrx_word' id='word_1_441' title='bbox 291 2940 332 2971; x_wconf 82' lang='lat'><strong><em>23</em></strong></span> <span class='ocrx_word' id='word_1_442' title='bbox 357 2936 589 2975; x_wconf 77' lang='grc' dir='ltr'><strong><em>ἐπιτελοῦσιν</em></strong></span> <span class='ocrx_word' id='word_1_443' title='bbox 613 2939 740 2975; x_wconf 84' lang='lat' dir='ltr'>MS¹P¹</span> <span class='ocrx_word' id='word_1_444' title='bbox 832 2935 907 2980; x_wconf 72' lang='grc' dir='ltr'><strong><em>σὺν]</em></strong></span> <span class='ocrx_word' id='word_1_445' title='bbox 936 2935 1127 2982; x_wconf 73' lang='grc' dir='ltr'><strong><em>-οἷρνασιν,</em></strong></span> <span class='ocrx_word' id='word_1_446' title='bbox 1152 2945 1243 2970; x_wconf 81' lang='lat' dir='ltr'><strong>eras.</strong></span> <span class='ocrx_word' id='word_1_447' title='bbox 1270 2948 1290 2970; x_wconf 91' lang='grc' dir='ltr'><strong><em>ν</em></strong></span> <span class='ocrx_word' id='word_1_448' title='bbox 1314 2935 1338 2971; x_wconf 90' lang='lat' dir='ltr'>S</span> 
     </span>
    </p>
   </div>
  </div>
 </body>
</html>
