2170 3475
379 246 464 281 XVI
1108 238 1305 274 Praefatio.

379 373 462 402 non
491 356 615 400 modo
646 368 774 398 unum
804 352 882 396 sed
912 353 996 395 duo
1027 350 1198 393 nomina
1227 351 1300 394 uni
1329 351 1422 393 loco
1444 348 1658 402 adscripta
1679 359 1774 390 esse
1793 348 2039 404 reperimus,

381 426 555 467 alterum
586 436 638 464 ex
669 421 788 463 libris
823 419 953 462 sacris
984 419 1279 473 depromptum
1319 422 1360 460 et
1389 416 1570 459 Ebraico
1609 413 1736 457 modo
1769 415 2041 459 constitutum

379 492 556 534 alterum
578 488 738 530 Graeco
760 501 875 530 more
895 486 994 529 inde
1015 484 1264 537 deriuatum‚
1294 485 1411 527 uelut
1433 479 1611 536 ἆχινοὲμ
1634 477 1856 539 ἇχινόμην,
1889 481 2040 537 σωβὰκ

381 552 578 610 σι’)’βακον
617 555 713 597 alia.
772 568 870 596 nam
911 567 960 596 eo
999 552 1166 594 facilius
1197 551 1303 594 talia
1343 551 1645 594 adnotamenta
1678 549 1787 591 inter
1815 550 1948 592 uerba
1977 550 2043 593 Io-

380 623 500 678 sephi
520 621 651 676 recipi
672 624 878 677 poterant,
910 633 990 673 quo
1020 618 1155 672 magis
1177 622 1296 660 erant
1316 632 1496 673 graecae
1517 617 1688 669 linguae
1709 615 2042 660 accommodata.

379 690 545 733 accedit
575 688 688 744 quod
717 687 927 731 interdum
952 688 1058 730 haec
1079 686 1380 728 adnotamenta
1405 699 1488 728 non
1509 685 1551 726 in
1573 683 1763 738 margine
1793 683 1870 726 sed
1900 683 2043 727 media

378 757 487 800 inter
506 769 652 799 uersus
675 760 833 809 extant,
864 755 993 797 ueluti
1014 755 1091 796 VH
1112 755 1135 804 ξ
1160 756 1212 794 46
1235 752 1293 807 (p.
1317 755 1383 806 99,
1411 752 1491 806 19),
1521 750 1579 793 ad
1609 764 1734 805 quem
1757 751 1897 794 locum
1916 763 2046 806 supra.

379 824 469 866 dixi
499 823 672 866 secundi
702 823 799 865 libri
820 824 980 874 Regum
1010 822 1149 864 locum
1179 820 1418 874 appositum
1450 832 1554 872 esse,
1585 818 1630 860 in
1661 817 1806 862 codice
1837 821 1919 861 est:
1949 814 2038 860 ὑπὸ

910 889 1039 933 ficem-o?
1696 921 1713 927 ,-

378 937 466 977 τῶν
497 935 729 990 ῥέμμωνοσ
758 934 865 976 υἱῶν
893 934 1076 987 βαιάθᾶ
1107 931 1239 986 ἑτέρω
1272 931 1318 973 δὲ
1350 931 1487 988 ῥήχαβ
1517 927 1659 984 ὄνομα
1688 929 1763 986 ἠν,
1796 931 1870 974 ubi
1897 932 2046 985 βαανᾶ

381 1001 494 1055 quod
524 1015 651 1057 supra
689 1002 888 1056 scriptum
927 1006 991 1044 est
1021 1014 1075 1043 ex
1114 1000 1221 1042 libro
1253 1000 1417 1053 Regum
1447 1002 1660 1054 sumptum
1690 1002 1768 1041 est.
1827 999 1887 1041 nil
1916 999 2046 1052 igitur

380 1070 551 1122 mirum,
593 1068 706 1121 quod
741 1069 821 1111 hac
850 1069 921 1110 uia
950 1068 1122 1111 nomina
1154 1066 1363 1120 quaedam
1394 1079 1514 1109 sacra
1543 1066 1587 1107 in
1616 1066 1844 1121 Iosephum
1872 1069 2048 1121 recepta

381 1141 488 1190 sunt,
520 1135 633 1189 quod
654 1149 751 1178 mox
773 1136 931 1178 factum
953 1149 1046 1178 esse
1067 1135 1259 1178 uidemus
1285 1134 1418 1176 altero
1442 1132 1590 1189 ῥήχαβ,
1625 1132 1739 1187 quod
1760 1147 1814 1177 ex
1833 1133 1942 1176 libro
1964 1134 2046 1176 Re-

380 1217 478 1257 gum
507 1203 671 1245 illatum
694 1207 775 1256 est3
809 1203 936 1246 ceteri
967 1203 1079 1245 enim
1109 1201 1277 1245 codices
1302 1201 1473 1256 Iosephi
1504 1200 1621 1244 aliud
1651 1200 1822 1245 habent.
1883 1200 1961 1244 sed
1990 1199 2045 1244 de

381 1270 460 1312 hac
480 1283 525 1312 re
546 1284 645 1312 mox
666 1270 855 1324 pluribus
887 1269 1111 1312 dicendum
1143 1273 1219 1311 est.
1269 1269 1543 1312 Laurentiani
1572 1269 1688 1312 locos
1719 1267 1927 1321 quosdam
1957 1281 2046 1310 non

379 1350 536 1391 paucos
566 1337 657 1391 ipse
688 1337 874 1392 inspexi3
907 1337 1061 1380 deinde
1091 1336 1246 1378 librum
1276 1335 1485 1378 decimum
1516 1340 1650 1378 totum
1680 1335 1896 1388 librosque
1928 1335 2047 1388 quin-

382 1417 462 1457 que
491 1404 647 1459 primos
680 1406 941 1447 contulerunt
971 1403 1125 1459 partim
1154 1403 1437 1458 Hieronymus
1458 1403 1604 1445 Vitelli
1633 1402 1788 1457 partim
1809 1402 2047 1446 Guilelmus

382 1472 596 1525 Rostagno
626 1471 874 1514 FlorentinI.
933 1471 1009 1514 sed
1039 1470 1167 1514 redeo
1199 1471 1255 1513 ad
1286 1471 1454 1514 codices
1485 1470 1804 1513 enumerandos.

496 1554 531 1590 7.
569 1549 610 1591 V.
633 1549 766 1592 codex
789 1550 1016 1592 Vaticanus
1037 1562 1214 1604 graecus
1234 1563 1301 1592 no.
1323 1552 1398 1590 147
1424 1548 1700 1603 bombycinus
1721 1550 1857 1592 forma
1878 1550 1929 1588 4⁰
1949 1548 2049 1591 mai.

383 1616 551 1659 saeculo
587 1617 689 1658 XIII
730 1622 801 1659 aut
830 1617 929 1658 XIV
968 1617 1145 1671 scriptus
1184 1617 1287 1658 satis
1326 1616 1551 1669 diligenter
1589 1616 1667 1659 sed
1701 1615 1851 1658 litteris
1882 1615 2050 1658 minuti-

384 1683 526 1725 oribus
567 1689 608 1725 ct
637 1697 766 1738 saepe
797 1684 1068 1726 abbreuiatis.
1128 1684 1227 1726 olim
1258 1683 1426 1726 uidetur
1461 1684 1718 1726 continuisse
1748 1683 2049 1736 antiquitatum

384 1751 513 1793 libros
545 1764 702 1805 omnes,
733 1765 841 1794 nunc
872 1750 1120 1794 exciderunt
1149 1751 1245 1793 libri
1274 1752 1305 1793 Ι.
1332 1752 1372 1793 II
1403 1755 1444 1794 et
1472 1751 1733 1804 XVI—XX;
1762 1754 1923 1794 restant
1952 1750 2051 1793 libri

384 1819 605 1865 III—XV3
638 1819 784 1873 incipit
815 1819 927 1861 enim
958 1832 984 1860 a
1013 1818 1154 1861 uerbis
1193 1819 1270 1859 τοῦ
1301 1819 1525 1871 πενθεροῦ
1555 1819 1575 1860 I
1606 1833 1645 1873 p.
1672 1821 1763 1872 157,
1793 1822 1853 1860 11.
1903 1822 2048 1873 partes

385 1885 564 1928 selectas
595 1885 687 1940 ipse
716 1886 894 1941 inspexi,
927 1886 1080 1927 librum
1111 1884 1318 1927 decimum
1351 1886 1525 1928 contulit
1546 1885 1761 1940 Augustus
1785 1885 1904 1939 Mau;
1935 1885 2050 1928 idem

385 1953 499 1995 locos
530 1953 766 2007 complures
797 1966 890 1995 meo
922 1959 1071 2006 rogatu
1102 1953 1271 1995 euoluit.

498 2033 534 2073 8.
572 2030 706 2073 codex
736 2031 964 2073 Vaticanus
995 2044 1170 2085 graecus
1207 2034 1309 2073 1304
1343 2031 1689 2074 membranaceus
1719 2030 1914 2074 foliorum
1945 2033 2040 2086 262,

386 2099 553 2140 saeculo
577 2100 664 2140 fere
684 2098 783 2139 XIV
805 2098 982 2152 scriptus
1004 2111 1086 2140 una
1114 2111 1261 2152 manu;
1294 2111 1455 2153 paucae
1486 2103 1583 2141 sunt
1613 2104 1896 2152 correcturae3
1928 2102 2051 2141 notas

387 2163 591 2216 quasdam
623 2165 879 2218 marginales
901 2164 1056 2207 adiecit
1077 2179 1225 2208 manus
1252 2167 1469 2208 recentior.
1521 2166 1702 2220 paginae
1724 2166 1904 2209 tricenos
1925 2179 2049 2210 senos

388 2231 546 2273 habunt
576 2245 733 2274 uersus.
793 2232 940 2286 incipit
970 2232 1024 2273 ab
1056 2233 1314 2286 argumentis
1346 2233 1441 2274 libri
1473 2234 1594 2288 primi
1626 2239 1667 2277 et
1698 2234 1883 2277 continet
1919 2233 2051 2277 libros

386 2299 405 2339 I
435 2299 475 2340 11
506 2300 566 2340 III
599 2304 640 2341 et
671 2305 864 2352 quartum
896 2313 1029 2351 usquc
1059 2300 1114 2341 ad
1146 2300 1276 2341 uerba
1298 2301 1342 2352 (ξ
1366 2302 1436 2353 87)
1460 2302 1659 2356 Μωυσῆς
1691 2301 1737 2343 δὲ
1768 2297 1884 2355 ὁρῶν
1914 2301 2051 2343 πολε-

385 2369 498 2418 μίως
545 2361 693 2415 αὖτοῑς
737 2365 812 2408 τὸν
842 2362 1118 2419 Ἀμορραίων
1165 2366 1436 2419 διακείμενον
1475 2370 1662 2421 βασιλέα
1685 2368 1698 2423 Η
1723 2381 1833 2422 quae
1871 2371 1969 2411 sunt
2008 2368 2050 2411 in

388 2433 487 2474 folio
511 2435 588 2473 91*
619 2432 774 2476 medio.
828 2434 1035 2485 reliquum
1067 2433 1154 2476 folii
1178 2439 1218 2476 et
1249 2435 1513 2487 insequentia
1543 2435 1625 2478 duo
1658 2438 1699 2486 (f.
1722 2438 1787 2479 92.
1811 2437 1880 2486 93)
1913 2449 2053 2479 uacua

387 2504 482 2541 sunt
503 2500 662 2542 relicta.
714 2501 784 2543 fol.
808 2504 858 2541 94
886 2501 1030 2555 incipit
1060 2501 1167 2543 liber
1191 2501 1258 2554 VI,
1291 2515 1414 2554 qucm
1448 2504 1660 2558 excipiunt
1682 2505 1759 2546 VII
1783 2504 1883 2547 VIII
1902 2504 1966 2546 IX
1986 2504 2047 2558 X;

388 2566 542 2609 desinit
571 2568 612 2609 in
643 2568 774 2610 uerba
796 2568 945 2610 ultima
967 2568 1060 2609 libri
1083 2568 1143 2610 X:
1175 2567 1220 2623 v]
1234 2586 1252 2609 ι·
1275 2568 1647 2627 {15903‘1-‹14110015215
1660 2587 1701 2626 1'3
1734 2572 1902 2624 quintus
1923 2571 2052 2627 igitur

388 2633 493 2676 liber
525 2638 634 2677 totus
666 2635 832 2677 interiit.
893 2639 1112 2690 praetcrea
1144 2635 1183 2678 in
1215 2637 1322 2678 libro
1357 2643 1518 2691 quarto,
1550 2643 1682 2691 sexto,
1715 2639 1907 2694 septimo,
1939 2652 2050 2682 nono

390 2706 430 2742 et
462 2703 643 2746 maxime
675 2703 716 2745 in
748 2702 913 2745 decimo
944 2716 969 2744 a
1002 2703 1141 2744 scriba
1165 2705 1321 2746 multae
1352 2705 1526 2746 lacunae
1560 2706 1768 2750 iudicatae
1799 2710 1907 2760 sunt,
1938 2705 2052 2749 unde

389 2775 564 2822 apparet
602 2784 654 2812 cx
695 2777 887 2825 corrupto
935 2771 1164 2825 exemplari
1206 2771 1394 2814 codicem
1437 2773 1544 2814 hunc
1585 2774 1901 2829 transscriptum
1943 2785 2049 2816 csse.

389 2849 497 2887 quac
529 2851 578 2878 cx
612 2851 661 2879 co
694 2838 830 2880 habeo
862 2837 997 2881 debeo
1028 2839 1216 2893 Augusto
1249 2839 1357 2881 Mau.

501 2908 538 2944 ἐν.
563 2904 694 2947 codex
718 2905 953 2948 Marcianus
974 2920 1034 2960 gr.
1052 2920 1118 2948 no.
1135 2910 1215 2948 330
1238 2908 1580 2949 membranaceus
1603 2908 1737 2950 forma
1758 2909 1944 2951 maxima
1958 2907 2048 2963 pul-

389 2969 593 3014 cherrime
633 2972 824 3026 scriptus.
885 2974 1068 3016 continet
1100 2974 1267 3029 Iosephi
1300 2974 1593 3027 antiquitatum
1632 2977 1759 3020 libros
1790 2977 1872 3019 XX
1903 2988 2050 3019 omnes
