2091 3418
47 922 84 956 10

47 1261 83 1294 15

564 190 724 235 ANTIQ.
751 190 844 227 IUD.
872 191 924 227 111
950 193 1126 227 275—2‘30
1150 194 1211 232 (xn
1231 195 1326 232 1-3)
1690 191 1770 229 213

117 306 284 361 γυναικὶ
324 306 597 360 μεμιασμένῃ
631 312 726 354 τοῖς
755 304 864 346 κατα
897 303 1031 360 ([ύσιν
1063 304 1321 362 πλησιάζειν
1351 304 1460 362 μηδὲ
1491 305 1687 362 κτήνεσιν
1709 305 1772 356 εἰς

118 376 353 416 συνουσίαν
391 374 552 429 φοιτᾶν
583 371 693 428 μηδὲ
723 371 801 427 τὴν
832 370 946 427 πρὸς
988 371 1043 414 τὰ
1076 369 1235 427 ἄρρενα
1264 373 1384 427 μῖξιν
1422 376 1554 427 τιμᾶν
1587 372 1661 416 διὰ
1691 372 1770 429 τὴν

118 435 192 483 ἐπ’
220 435 369 491 αὐτοῖς
391 435 508 495 ὥραν
537 436 697 496 ἡδονὴν
728 443 1015 496 θηρωμένους
1046 439 1318 495 παράνομον.
1379 441 1488 483 κατὰ
1521 441 1565 483 δὲ
1589 444 1675 484 τῶν
1708 441 1771 491 εἰς

116 503 241 550 ταῦτ’
268 506 588 563 ἐξυβρισάντων
618 507 818 550 θάνατον
850 502 984 562 ὥρισε
1012 507 1090 565 τὴν
1119 512 1349 563 τιμωρίαν.

227 578 266 618 2.
317 577 414 617 Τῶν
436 570 478 617 δ’
507 575 657 631 ἱερέων
677 577 750 618 καὶ
773 575 1042 618 διπλασίονα
1071 575 1148 633 την
1171 573 1347 632 ἁγνείαν
1370 575 1573 634 ἐποίησε·
1604 575 1772 619 τούτων

114 658 162 685 τε
190 641 271 698 γὰρ
304 637 461 693 αὐτούς
497 640 664 698 ὁμοίιος
700 652 794 693 τοῖς
826 639 976 693 ἄλλοις
1016 642 1150 699 εἴργει
1179 645 1250 686 καὶ
1283 647 1470 699 προσέτι
1507 653 1662 699 γαμεῖν
1691 643 1772 693 τὰς

114 706 397 767 ἡταιρηκυίας
427 709 627 762 gunnas,
657 710 766 767 μήτε
797 711 954 768 δούλην
991 707 1094 767 μήτ’
1122 711 1399 765 αἰχμάλωτον
1427 721 1582 768 γαμεῖν
1614 707 1772 761 αὐτοὺς

113 776 324 820 κεκώλυκε
352 779 424 821 καὶ
455 777 535 828 τὰς
567 778 610 821 ἐκ
639 780 881 836 καπηλείας
910 780 983 822 καὶ
1013 781 1091 821 τοῦ
1121 778 1408 822 πανδοκεύειν
1438 782 1772 835 πεπορισμένας

114 843 190 888 τὸν
218 848 316 899 βίον
346 846 456 903 μηδὲ
486 845 565 896 τὰς
594 849 681 888 τῶν
714 850 941 902 προτέρων
973 841 1143 902 ἀνδρῶν
1174 842 1247 903 ἐφ’
1275 847 1574 904 αἱσδηποτοῦν
1607 846 1772 896 αἰτίαις

115 908 468 970 ἀπηλλαγμένας.
517 912 594 956 τὸν
617 910 820 970 ἀρχιερέα
839 917 991 968 μέντοι
1022 912 1123 957 οὐδὲ
1142 914 1410 971 τεθνηκότος
1432 910 1590 970 ἀνδρὸς
1610 911 1771 972 ἠξίωσε

113 989 296 1036 γυναῖκα
335 983 465 1024 τοῦτο
504 990 598 1031 τοῖς
629 978 781 1032 ἄλλοις
820 983 983 1038 ἱερεῦσι
1015 984 1257 1038 συγχωρῶν,
1288 978 1423 1039 μόνην
1455 978 1498 1024 δ’
1535 978 1653 1038 αὐτῷ
1685 980 1771 1037 [δέ-

116 1047 238 1105 δωκε]
276 1057 430 1104 γαμεῖν
469 1052 698 1104 παρθένον
734 1051 808 1093 καὶ
852 1049 1012 1106 ταύτην
1055 1050 1311 1107 φυλάττειν·
1353 1045 1462 1092 ὅθεν
1503 1047 1601 1092 οὐδὲ
1637 1053 1772 1105 νεκρῷ

115 1116 350 1172 πρόσεισιν
387 1114 408 1159 ὁ
444 1112 666 1173 ἀρχιερεὺς
703 1119 790 1160 τῶν
828 1119 998 1160 λοιπῶν
1038 1113 1087 1160 οὗ
1119 1119 1424 1171 κεκωλυμένων
1457 1114 1668 1174 άδελφοῖς
1697 1119 1771 1160 καὶ

114 1185 287 1239 γονεῦσι
325 1186 398 1227 καὶ
436 1186 569 1227 παισὶ
608 1194 702 1235 τοῖς
732 1182 876 1227 αὑτῶν
906 1188 1141 1242 προσιέναι
1169 1188 1454 1239 μεταστᾶσιν.
1514 1182 1693 1243 ἀφελεῖς
1725 1185 1771 1228 δὲ

115 1249 230 1295 εἶναι
259 1254 410 1294 πᾶσαν
442 1248 674 1308 ἀφέλειαν·
705 1251 783 1295 τὸν
814 1252 861 1295 δὲ
891 1251 948 1309 μὴ
982 1250 1219 1310 ὁλόκληρον
1249 1256 1337 1296 τῶν
1370 1254 1521 1310 ἱερέων
1554 1256 1771 1308 νέμεσθαι

114 1318 228 1374 πρὸς
257 1318 359 1370 τοὺς
390 1319 520 1375 ἱερεῖς
558 1318 754 1362 ἐκέλευσε
790 1319 845 1362 τὰ
885 1322 1002 1375 γέρα,
1047 1315 1299 1374 ἀναβαίνειν
1331 1322 1377 1364 δὲ
1409 1321 1483 1364 ἐπὶ
1513 1320 1591 1364 τὸν
1620 1319 1772 1375 βωμὸν

113 1388 186 1430 καὶ
218 1386 403 1430 εἰσιέναι
434 1387 497 1437 εἷς
526 1387 602 1430 τὸν
633 1386 738 1430 ναὸν
769 1387 979 1430 ἐκώλυσε·
1024 1387 1082 1443 μὴ
1113 1387 1249 1442 μόνον
1281 1389 1327 1431 δὲ
1358 1391 1461 1443 περὶ
1492 1387 1572 1439 τὰς
1603 1389 1772 1444 ἱερουρ-

113 1458 212 1510 γίας
240 1454 468 1510 καθαροὺς
499 1452 633 1507 εἶναι,
673 1451 937 1506 σπουδάζειν
983 1455 1030 1498 δὲ
1059 1458 1132 1499 καὶ
1162 1459 1267 1511 περὶ
1296 1455 1374 1512 τὴν
1405 1453 1551 1499 αὐτῶν
1583 1456 1770 1508 δίαιταν,

114 1517 222 1564 ὥστ’
247 1518 379 1579 αὐτὴν
403 1519 634 1577 ἄμεμπτον
656 1519 782 1565 εἶναι.
827 1524 899 1565 καὶ
923 1521 996 1565 διὰ
1017 1523 1178 1581 ταύτην
1198 1522 1277 1579 τὴν
1300 1523 1446 1566 αἰτίαν
1469 1524 1511 1567 οἱ
1541 1522 1620 1580 τὴν
1652 1523 1771 1578 ἱερα-

113 1589 236 1647 τικὴν
267 1589 426 1646 στολὴν
458 1592 697 1648 φοροῦντες
728 1586 906 1644 ἄμωμοί
944 1593 992 1632 τέ
1024 1589 1110 1634 εἰσι
1139 1592 1213 1634 καὶ
1248 1593 1352 1646 περὶ
1391 1590 1539 1633 πάντα
1575 1592 1770 1646 καθαροὶ

114 1658 188 1700 καὶ
219 1657 440 1714 νηφάλιοι,
473 1661 618 1700 πίνειν
649 1655 768 1700 οἶνον
800 1656 881 1707 ἕως
912 1653 961 1700 οὗ
982 1656 1059 1714 τὴν
1091 1657 1249 1713 στολὴν
1280 1657 1427 1711 ἔχουσι
1456 1659 1770 1712 κεκωλυμένοι·

115 1724 181 1768 ἔτι
212 1724 258 1767 δὲ
288 1726 360 1768 καὶ
390 1724 446 1767 τὰ
469 1725 606 1780 ἱερεῖα
626 1725 814 1768 θύουσιν
851 1722 1068 1782 ὁλόκληρα
1097 1727 1170 1768 καὶ
1191 1724 1301 1767 κατὰ
1322 1725 1456 1782 μηδὲν
1478 1726 1770 1783 λελωβημένα.

229 1796 268 1835 3.
318 1794 467 1835 Ταῦτα
496 1793 575 1847 μὲν
616 1783 691 1835 οὖν
730 1790 812 1849 ἤδη
857 1794 927 1835 καὶ
958 1792 1069 1835 κατὰ
1099 1791 1176 1835 τὸν
1209 1792 1319 1848 ζωῆς
1344 1792 1501 1847 χρόνον
1530 1795 1608 1850 τῆς
1640 1789 1772 1836 αὐτοῦ

228 1916 326 1959 §275
340 1916 514 1951 =Leuit.
532 1916 599 1950 XX
616 1918 741 1960 1S‚13;
767 1919 867 1959 §276
881 1916 1055 1952 =Leuit.
1070 1916 1157 1951 XXI
1171 1920 1208 1960 73
1235 1917 1254 1959 ξ
1278 1918 1341 1950 277
1357 1917 1531 1952 =Leuit.
1549 1917 1636 1952 XXI
1656 1920 1771 1960 13,11.

224 2039 525 2076 ROMSPLELat

228 2111 243 2142 1
270 2109 439 2154 *γυναιξὶ
463 2106 492 2142 Ο
522 2155 527 2158 ¹
585 2103 724 2148 *κατὰ]
749 2103 847 2143 κατὰ
873 2104 941 2153 τὴν
961 2107 1026 2142 RO
1120 2109 1139 2140 2
1164 2104 1334 2154 *ἄρσενα
1358 2107 1511 2143 ROSPL
1605 2110 1624 2141 3
1649 2104 1773 2153 θηρώ-

113 2176 232 2209 μενοσ
255 2163 284 2198 Ρ
359 2167 379 2198 5
405 2163 473 2200 *δὲ
495 2164 526 2198 L
602 2166 622 2197 6
648 2161 761 2209 εἵργει
785 2162 864 2198 RP¹
945 2165 1162 2210 *γαμεῖν-
1177 2167 1195 2198 7
1221 2161 1398 2205 ἐκώλυσε]
1424 2174 1538 2209 neque
1568 2164 1773 2198 meretrices

113 2230 229 2265 neque
252 2218 473 2254 concubinas
495 2230 556 2254 eos
580 2219 711 2255 habere
732 2220 897 2266 permisit
918 2220 990 2255 Lat
1082 2224 1099 2254 7
1126 2218 1397 2266 *ἑταιρικυίασ,
1423 2233 1457 2265 pc
1482 2230 1527 2254 ex
1552 2233 1597 2266 ρη
1622 2230 1714 2254 corr.
1731 2219 1772 2254 M

113 2272 373 2322 ἥιταιρηκυίασ
397 2275 421 2310 S
535 2272 718 2321 μήτε-8
742 2274 931 2313 κεκώλυκε
955 2276 1104 2312 seclusit
1127 2276 1286 2311 Dindorf
1396 2274 1500 2321 μήτε]
1525 2273 1617 2321 μήτε
1640 2273 1714 2321 μὴν
1739 2276 1772 2310 Ε

228 2327 370 2368 αὖτοὺσ
401 2337 535 2376 γαμεῖν
557 2334 604 2366 tr.
630 2331 660 2366 O
795 2335 1019 2379 γαμεῖν-8
1044 2331 1233 2369 κεκώλυκε
1265 2343 1333 2367 0111.
1358 2332 1390 2366 Ε
1528 2334 1548 2366 8
1571 2329 1770 2373 κεκώλυκε]

115 2388 228 2424 uoluit
252 2387 316 2423 sed
338 2387 410 2422 Lat
432 2383 602 2432 ἠξίωσεν,
626 2383 720 2424 ἀλλὰ
745 2388 937 2424 Holwerda
1056 2386 1135 2430 τὰς]
1161 2395 1248 2425 ταῖσ
1273 2388 1342 2423 S'P
1470 2385 1714 2433 πανδοχείειν
1737 2388 1771 2422 Ε

228 2446 247 2477 9
271 2442 400 2489 *μηδὲ]
424 2440 517 2488 μήτε
533 2443 572 2477 Μ
663 2446 740 2480 τῶν
764 2455 831 2480 om.
846 2445 875 2480 Ο
967 2440 1072 2490 *ἐφ’,
1097 2459 1123 2490 φ
1141 2456 1187 2481 ex
1211 2459 1232 2480 ν
1249 2456 1340 2480 corr.
1354 2445 1394 2480 M
1407 2440 1479 2489 ἀφ’
1491 2443 1525 2478 R
1616 2444 1772 2480 *αἰτίασ

115 2500 146 2535 L
263 2503 303 2534 10
329 2495 435 2539 *τὸν]
461 2495 530 2534 τὸν
554 2495 590 2535 ‹5'
613 2499 643 2534 L
762 2504 846 2546 post
869 2496 1172 2548 α’πηλλαγμέναςε
1199 2501 1243 2536 ab
1267 2511 1389 2535 eorum
1413 2500 1663 2535 coniunctione
1681 2511 1771 2546 pro-

115 2555 230 2591 hibuit
251 2555 354 2591 addit
376 2555 448 2589 Lat
519 2558 554 2590 11
582 2560 752 2601 γυναῖκα]
776 2563 934 2603 γυναῖκα
959 2560 1089 2603 λαβεῖν
1112 2557 1144 2591 Ε
1170 2556 1301 2591 habere
1316 2567 1525 2592 —uxorem
1542 2555 1613 2591 Lat
1637 2562 1771 2602 γαμεῖν

116 2617 272 2658 γυναῖκα
297 2612 352 2646 ed.
377 2621 432 2655 pr.
502 2608 632 2657 μόνην]
658 2612 690 2647 Ε
714 2609 822 2656 μόνω
847 2613 950 2648 codd.
965 2613 1036 2647 Lat
1105 2613 1143 2649 δὲ·
1166 2611 1354 2647 ROSPLE
1434 2611 1598 2648 *δέδωκε
1623 2612 1769 2647 0111.Βο

230 2669 270 2702 12
296 2662 419 2708 *σι’-δὲ]
446 2660 512 2703 οὖν
536 2662 620 2704 οὐδὲ
643 2667 706 2703 Ro
789 2671 828 2704 13
855 2663 898 2705 ού
924 2679 991 2704 om.
1017 2668 1050 2702 E
1138 2671 1178 2702 14
1203 2670 1323 2704 *πᾶσι
1347 2667 1452 2702 ROM
1530 2662 1655 2703 αὐτῶν
1678 2668 1769 2703 Ros

116 2723 212 2758 PLE
237 2721 381 2759 ἑαυτῶν
396 2722 436 2756 Μ
503 2723 752 2770 *προιέναιΜ
776 2731 975 2771 προσεῖναι
998 2724 1051 2759 SP
1130 2727 1169 2758 15
1195 2726 1333 2764 πᾶσαν]
1358 2719 1455 2759 κατὰ
1481 2725 1609 2760 πᾶσαν
1626 2724 1679 2759 SP

117 2776 321 2825 α’σῳέλειαν
336 2778 376 2813 S¹
390 2773 598 2823 α’σφάλειαν
614 2779 655 2814 S²
723 2780 790 2816 *δὲ
801 2777 864 2826 μὴ]
878 2777 926 2826 μὴ
941 2780 979 2816 δὲ
993 2780 1021 2814 O
1093 2782 1133 2813 16
1158 2779 1235 2820 *ὁ“ὲ]
1255 2779 1304 2821 δὲ,
1328 2781 1349 2814 δ
1362 2779 1385 2813 i.
1403 2789 1475 2814 ras.
1488 2791 1532 2814 m.
1549 2782 1567 2814 2
1582 2780 1605 2815 S
1620 2793 1659 2816 τε
1673 2780 1769 2816 ROL

232 2837 270 2870 18
295 2831 401 2879 *τὴν]
426 2836 502 2870 τῶν
525 2834 555 2869 Ο
636 2830 760 2871 αὐτῶν
783 2838 941 2877 δίαιταν]
966 2837 1110 2871 δίαιταν
1135 2833 1279 2871 ἑαυτῶν
1302 2835 1335 2869 Ε
1427 2836 1600 2872 *διαιτᾶν
1615 2836 1680 2872 RO

119 2895 158 2928 19
176 2890 233 2927 ώσ
253 2887 391 2936 ταύτην
410 2890 480 2925 ML
569 2893 609 2926 21
628 2889 747 2928 *ξ’ωσ·
761 2885 815 2933 οἷ’,
833 2902 924 2927 eras.
941 2891 999 2927 oS
1091 2887 1231 2936 *ἔχωσι
1252 2890 1291 2926 S2
1383 2893 1425 2924 22
1443 2888 1516 2927 *τὰ
1542 2902 1609 2926 0111.
1626 2892 1678 2927 SP

117 2944 255 2988 *κατὰ]
280 2943 325 2983 τὰ
339 2946 369 2980 L
463 2948 504 2981 23
522 2943 590 2982 τὸν
614 2949 722 2993 ζωῆς]
740 2948 795 2982 ed.
809 2959 864 2992 pr.
879 2950 948 2993 τῆσ
972 2948 1073 2993 ζωῆσ
1086 2946 1150 2981 Ro
1171 2944 1240 2982 τὸν
1256 2949 1324 2992 τῆσ
1348 2949 1449 2993 ζωῆσ
1461 2947 1589 2983 MSPL

1803 580 1884 620 276

1801 917 1881 957 277

1803 1188 1883 1229 278

1803 1527 1883 1567 279

1802 1797 1882 1838 280
