2060 3475
858 215 1051 251 Praefafio.
1664 219 1781 255 XXIII

127 333 168 371 et
199 328 354 372 bellum
386 328 601 372 Iudaicum
634 342 766 383 paene
802 333 932 371 totum
967 329 1185 373 intercidit.
1245 345 1342 373 nam
1373 336 1548 386 apparet
1579 332 1686 375 huuc
1717 347 1782 376 co-

125 395 260 438 dicem
301 397 400 439 olim
443 401 484 438 et
523 396 795 449 antiquitates
835 402 875 438 ct
918 397 1072 439 bellum
1119 397 1333 441 Iudaicum
1392 399 1589 443 habuisse
1633 400 1782 443 codem

125 462 249 506 modo
280 464 458 506 collecta
488 478 568 518 quo
600 469 695 506 sunt
726 464 766 506 in
798 464 942 507 codice
975 465 1175 507 Vaticano
1208 468 1311 519 ⁴³84,
1356 467 1423 508 cui
1453 467 1518 508 hic
1549 480 1623 521 per
1654 467 1783 510 libros

124 531 330 572 XI-XX
363 531 601 573 simillimus
624 536 698 574 est.
751 532 829 573 hoc
851 532 956 574 libro
979 537 1023 575 ut
1049 532 1104 574 ad
1125 533 1405 587 supplendum
1430 539 1469 576 et
1491 534 1779 588 corrigendum

123 598 442 641 Busbekianum
472 599 531 641 uti
553 612 733 654 possem,
761 599 900 642 effecit
930 600 1163 642 liberalitas
1185 600 1444 643 Schmiederi
1467 602 1779 656 gymnasiarchi

125 665 501 720 Schleusingensis,
533 667 603 719 qui
636 680 729 709 eum
763 667 841 709 huc
872 668 1113 710 transmisit.

235 733 290 775 Hi
327 738 422 776 sunt
461 734 669 789 epitomae
709 734 895 788 codices,
939 748 1042 788 quos
1082 734 1193 776 noui.
1256 740 1297 776 et
1334 748 1482 777 moneo
1515 736 1554 777 in
1586 736 1780 779 omnibus

123 800 302 844 eandem
341 801 567 856 epitomam
611 802 770 857 inesse,
806 816 881 844 nec
919 815 1071 856 graues
1112 801 1245 844 uideri
1281 803 1387 844 inter
1419 816 1490 845 eos
1521 803 1780 847 intercedere

123 868 449 923 discrepantias,
490 874 536 910 ut
566 883 710 913 omnes
741 876 944 925 appareat
975 883 1028 912 ex
1058 882 1140 911 uno
1171 869 1400 924 archetypo
1432 869 1642 913 deriuatos
1673 884 1777 914 esse.

122 936 303 979 omnium
337 949 554 979 commune
585 942 662 990 est,
694 937 807 990 quod
838 941 1085 991 argumenta
1106 937 1398 990 omittuntur1)
1430 938 1675 990 numerique
1706 952 1777 980 an—

122 1017 280 1057 norum,
313 1004 384 1056 qui
415 1005 456 1046 in
488 1005 701 1046 codicibus
733 1004 904 1059 integris
935 1008 1183 1059 argumenta
1212 1004 1330 1058 sequi
1361 1004 1510 1057 solent,
1542 1005 1662 1047 libris
1693 1006 1778 1048 sin-

120 1071 230 1123 gulis
261 1071 439 1114 subiecti
469 1077 573 1114 sunt.

234 1139 338 1182 Cum
371 1140 554 1193 epitoma
583 1138 877 1194 coniungenda
907 1143 971 1182 est
1007 1139 1162 1181 mentio
1194 1139 1406 1193 Zonarae,
1448 1152 1571 1192 quem
1612 1144 1776 1183 constat

122 1220 266 1249 omnes
297 1207 593 1259 antiquitatum
615 1205 706 1248 Iud.
738 1207 867 1248 libros
898 1207 938 1248 in
961 1207 1249 1260 componendo
1282 1206 1476 1249 chronico
1508 1207 1775 1261 adhibuisse;

121 1287 256 1326 neque
278 1274 387 1316 enim
409 1274 615 1329 integrum
638 1274 861 1328 Iosephum
885 1274 1043 1327 habuit,
1076 1273 1150 1316 sed
1172 1274 1411 1329 epitomam,
1444 1279 1488 1316 ut
1508 1275 1598 1329 ipse
1619 1276 1777 1330 primus

121 1342 210 1384 eius
241 1342 359 1383 testis
390 1345 431 1384 et
451 1342 675 1384 chronicon
705 1341 986 1394 antiquissimi
1017 1342 1106 1384 eius
1137 1341 1294 1384 codicis
1326 1343 1416 1384 loco
1439 1341 1678 1384 habendum
1709 1343 1775 1385 sit.

120 1408 164 1451 id
194 1409 306 1462 quod
336 1422 479 1452 uerum
512 1421 603 1452 esse
633 1409 811 1463 primum
850 1407 1158 1451 demonstratur
1189 1423 1259 1463 eo,
1300 1409 1411 1462 quod
1444 1410 1629 1452 Zonaras
1660 1424 1700 1465 p.
1724 1412 1775 1451 29

119 1477 249 1519 Bonn.
280 1476 448 1530 Iosephi
479 1476 583 1518 haec
614 1475 744 1517 uerba
774 1474 931 1528 laudat,
965 1489 1073 1530 quae
1103 1481 1197 1519 sunt
1228 1478 1456 1531 epitomae:

343 1566 550 1607 Zonaras:
580 1579 619 1620 p.
642 1567 707 1608 29.
948 1562 952 1644 Ι
1048 1566 1229 1620 epitome
1259 1566 1424 1620 Ioseph.
1446 1566 1466 1607 1
1495 1567 1520 1618 ἓ
1545 1570 1621 1608 105
1633 1580 1694 1622 sq.

179 1632 366 1689 Εἴρηται
396 1632 443 1673 δέ
470 1647 517 1687 γε
547 1633 749 1687 περὶτῆς
770 1633 931 1674 πολυε-

122 1703 220 1749 τίας
241 1701 328 1742 τῶν
351 1695 606 1755 ἀνθρώπιον
632 1697 805 1741 ἐκείνων
825 1700 931 1740 ταῦ-

119 1784 174 1809 τα
190 1762 487 1822 τιρ’[ωσή;τ(μ·
517 1766 706 1823 »μηδεὶς
723 1756 796 1807 οὖν
816 1763 930 1820 πρὸς
965 1766 1118 1823 μηδεὶς
1150 1766 1196 1809 δὲ
1226 1765 1341 1822 πρὸς
1371 1765 1448 1809 τὸν
1480 1768 1552 1810 νῦν
1582 1771 1680 1822 βίον
1701 1770 1774 1812 καὶ

119 1832 196 1876 τὸν
228 1836 300 1876 νῦν
328 1837 427 1888 βίον
457 1834 528 1876 καὶ
566 1832 644 1890 τὴν
681 1832 930 1890 βραχύτητα
964 1832 1042 1890 τὴν
1075 1833 1323 1891 βραχύτητα
1359 1836 1447 1876 τῶν
1485 1832 1592 1877 ἑτῶν
1635 1836 1776 1892 ψευδῆ

119 1903 206 1943 τῶν
228 1898 335 1943 ἑτῶν
358 1900 500 1956 ψευδῆ
520 1900 730 1954 νομιζέτω
748 1899 803 1942 τὰ
825 1902 929 1956 περὶ
965 1900 1175 1956 νομιζέτω
1214 1900 1269 1944 τὰ
1310 1904 1414 1958 περὶ
1444 1903 1531 1944 τῶν
1568 1904 1775 1946 παλαιῶν

117 1969 204 2011 τῶν
224 1969 430 2010 παλαιῶν
453 1967 760 2024 ἱστορούμενα·
787 1968 928 2022 οἱμὲν
964 1968 1196 2025 λεγόμενα·
1238 1969 1280 2012 οἱ
1320 1969 1398 2023 μὲν
1427 1968 1510 2025 γὰρ
1541 1972 1774 2027 θεοφιλεῖς

120 2034 202 2091 γὰρ
232 2037 466 2092 θεοφιλεῖς
496 2032 618 2085 ὄντες
647 2037 720 2078 καὶ
742 2031 823 2078 ὑπ’
852 2031 928 2078 αὗ-
963 2033 1086 2086 ὄντες
1129 2038 1203 2080 καὶ
1246 2032 1332 2079 ὑπ’
1365 2032 1498 2080 αὐτοῦ
1541 2040 1618 2080 τοῦ
1662 2042 1774 2082 θεοῦ

117 2105 196 2146 τοῦ
225 2105 303 2146 τοῦ
334 2105 444 2146 θεοῦ
474 2103 701 2159 γενόμενοι
739 2104 812 2146 καὶ
853 2102 926 2147 διὰ
962 2103 1188 2160 γενόμενοι
1218 2106 1288 2147 καὶ
1322 2103 1396 2147 διὰ
1420 2103 1468 2148 τὸ
1504 2104 1584 2156 τὰς
1603 2107 1773 2164 τροφὰς

115 2169 165 2214 τὸ
215 2169 297 2221 τὰς
343 2169 516 2232 τροφὰς
570 2123 1322 2230 επιτηόειοτέραςΙεπιτηὸειοτέρας
1343 2171 1456 2228 πρὸς
1472 2173 1772 2230 π2είο)αχρο-

116 2236 230 2292 πρὸς
246 2239 457 2280 π2είονα
445 2237 601 2294 χρόνον
618 2244 731 2282 εἰναι
749 2238 928 2289 εἰκότως
964 2256 1037 2282 νον
1068 2245 1182 2283 εἰναι
1213 2239 1392 2290 εἰκότως
1418 2239 1523 2292 ε’ζων
1545 2242 1633 2296 πλη
1620 2243 1744 2292 θος
1740 2244 1771 2296 -)

116 2304 222 2357 ε’ζων
237 2303 450 2363 πλῆθος’
432 2307 538 2349 ετῶν
552 2305 788 2359 τοσούτων,
805 2322 928 2349 επει-
962 2306 1184 2350 τοσούτων
1202 2306 1325 2350 ετιῦν.
1347 2307 1502 2350 έπειτα
1518 2325 1590 2350 και
1609 2307 1681 2351 διὰ
1694 2307 1772 2365 τὴν

115 2389 171 2415 τα
214 2375 287 2417 καὶ
331 2371 405 2416 διὰ
444 2372 522 2429 τὴν
566 2369 822 2431 εὐχρηστίαν
865 2369 946 2416 ὦν
963 2370 1264 2432 εὖχρηστίανΒ)
1289 2371 1348 2418 ὦν
1380 2371 1588 2419 επενόοιν
1614 2391 1772 2431 αστρο-

117 2439 326 2484 επενόουν
348 2437 641 2497 ἀστρονομίας
661 2457 709 2484 τε
729 2443 802 2484 καὶ
816 2458 926 2498 γεω-
962 2446 1117 2496 νομίας
1136 2444 1211 2485 καὶ
1238 2447 1517 2499 γεωμετρίας,
1550 2437 1589 2484 ά
1580 2458 1664 2497 εερ
1698 2440 1773 2486 οὐκ

115 2512 316 2564 μετρίας,
358 2524 472 2564 απερ
515 2504 590 2551 οὐκ
622 2508 674 2565 ἠν
712 2505 926 2567 ασφαλιῦς
960 2508 1012 2566 ἢν
1044 2505 1257 2568 ασφα2ως
1279 2507 1435 2561 αὐτοὺς
1456 2519 1691 2566 προειπεῖν
1711 2510 1768 2567 μὴ

116 2591 274 2625 αυτους
303 2578 574 2633 κατανοῆσαί
602 2592 650 2618 τε
678 2578 751 2620 καὶ
783 2576 925 2619 ειπεῖν
962 2577 1176 2634 ζήσαντας
1193 2577 1230 2632 χ’
1255 2576 1497 2628 ενιαυτοίς·
1521 2577 1594 2621 διὰ
1613 2579 1771 2622 τοσού-

115 2641 172 2699 μὴ
221 2641 433 2698 ζήσαντας
478 2642 731 2694 ἑξακοσίους
781 2643 925 2687 ἐνιαυ-
960 2662 1048 2689 των
1077 2644 1160 2703 γὰρ
1191 2643 1214 2688 ὁ
1245 2648 1380 2702 μέγας
1419 2644 1618 2696 ἐνιαυτὸς
1655 2647 1770 2704 πλη-

114 2709 239 2759 τούς·
271 2708 346 2753 διὰ
375 2710 598 2753 τοσούτων
626 2710 709 2767 γὰρ
730 2705 1130 2771 πληροῦ-Ιροῦται.

114 2794 189 2820 ται
218 2774 241 2820 ὁ
272 2780 407 2833 μέγας
437 2777 677 2829 ἕνιαυτός.“

232 2913 262 2954 1)
286 2921 369 2946 nam
392 2912 431 2946 in
456 2913 533 2948 cod.
558 2913 724 2949 Parisino
751 2916 837 2949 1418
863 2924 907 2948 ea
931 2924 976 2948 ex
998 2913 1069 2948 alio
1095 2913 1219 2949 codice
1244 2914 1478 2958 superaddita
1501 2924 1579 2950 esse
1603 2918 1768 2960 apparet.

229 2969 262 3010 2)
286 2966 411 3014 πλήθη]
435 2969 515 3003 cod.
539 2968 704 3005 Henneb.
821 2972 853 3011 3)
878 2966 1124 3016 εὖχρηστείαν
1147 2969 1309 3005 Henneb.
