2060 3475
792 244 987 281 PraefatIo.
1586 247 1684 282 XXX
1693 249 1720 283 V

59 361 261 416 Iosephus
292 360 470 416 primum
502 372 707 402 summam
740 359 855 414 ponit
895 358 1049 402 deinde
1085 359 1342 413 singulorum
1375 358 1588 403 hominum
1620 366 1720 405 teni-

59 443 164 484 pora
193 428 414 480 describit,
453 426 604 479 quibus
635 426 886 481 computatis
917 440 1124 469 summam
1156 426 1262 469 effici
1295 426 1396 469 dicit
1427 427 1470 479 (ἕ
1501 429 1552 469 83
1584 430 1722 470 ταῦτα

59 495 330 551 συναγόμενα
371 493 424 536 τὰ
469 493 540 550 ἔτη
581 492 658 535 τὸν
690 497 1162 549 ῑῑροαναγεγραμμείνοι*
1209 494 1373 550 πληροῖ
1406 495 1595 550 χρόνον).
1647 496 1722 540 sed

59 577 166 618 quae
198 563 325 617 uulgo
357 560 542 604 traditur
571 574 734 604 summa
766 575 969 605 annorum
1002 566 1110 603 2656
1133 563 1175 615 (ξ
1198 563 1285 616 82),
1317 575 1443 614 quam
1467 563 1622 606 habent
1653 578 1720 606 co-

57 632 173 674 dices
205 630 376 686 plurimi
408 634 449 672 et
479 630 616 672 uersio
648 629 791 682 latina,
830 643 910 672 non
951 630 1132 682 quadrat
1163 643 1238 671 nec
1270 629 1358 671 ulla
1397 634 1487 672 artc
1527 631 1721 674 cflectum

58 702 123 741 est
151 704 225 741 aut
255 697 364 741 effici
394 703 545 752 potest,
578 701 623 739 ut
653 697 806 752 singuli
836 698 1000 740 numeri
1031 711 1124 740 cum
1156 710 1321 740 summa
1349 697 1558 750 co'e'ant¹);
1593 711 1722 751 quare

58 769 129 810 aut
160 765 268 807 hanc
298 770 370 808 aut
400 765 495 807 illos
527 770 600 808 aut
630 769 828 818 utrosque
860 769 1077 818 corruptos
1108 777 1202 806 esse
1232 776 1407 806 necesse
1440 768 1515 807 cst.
1578 779 1722 809 uerum

57 834 92 877 si
123 833 312 876 codicem
344 832 379 876 O
410 833 636 886 sequimur,
668 846 766 874 nam
797 834 838 874 in
870 834 905 875 R
936 832 1015 874 hoc
1045 831 1191 874 folium
1222 831 1393 884 interiit,
1425 833 1565 873 omnia
1596 834 1723 887 plana

59 905 176 955 sunt3
209 901 250 943 in
273 915 322 943 eo
345 900 456 943 enim
488 913 653 943 summa
683 904 746 943 est
769 913 972 943 annorum
994 901 1117 952 2262,
1149 899 1302 950 singuli
1324 900 1486 941 numeri
1508 900 1571 942 hi:
1603 901 1723 944 Adae

58 969 156 1012 anni
180 972 274 1022 230,
308 967 427 1012 Sethi
450 972 544 1022 265,
566 968 696 1010 Α11081
724 970 813 1021 196,
842 968 1000 1010 Cainae
1025 970 1116 1019 170,
1148 966 1318 1008 Malac‘li
1345 970 1434 1020 165,
1466 967 1605 1010 Iaredi
1631 972 1723 1021 162,

57 1037 221 1079 Anochi
257 1040 358 1089 165,
390 1036 655 1078 Mathusalae
695 1038 792 1088 187,
831 1034 1033 1077 Lamechi
1069 1036 1167 1087 138,
1205 1034 1325 1076 Noae
1357 1037 1459 1086 600,
1502 1037 1572 1087 qui
1612 1042 1725 1079 recte

60 1104 245 1148 efficiunt
275 1117 408 1146 annos
435 1106 559 1157 2262,
591 1104 662 1156 qui
692 1115 888 1145 numerus
918 1102 1111 1156 proxime
1141 1100 1305 1144 accedit
1335 1101 1390 1144 ad
1422 1101 1551 1144 libros
1582 1116 1724 1146 sacros

59 1174 282 1226 graecos.‘-‘)
335 1184 428 1213 eum
461 1171 587 1223 igitur
618 1170 717 1223 quin
738 1170 943 1225 Iosephus
975 1169 1140 1212 dederit
1168 1182 1251 1211 non
1283 1169 1442 1212 dubito.
1487 1171 1594 1212 alter
1624 1184 1724 1214 uero

60 1252 260 1282 numerus
291 1252 493 1281 annorum
526 1240 656 1292 2656,
700 1251 824 1291 quem
856 1239 983 1281 ceteri
1015 1237 1185 1280 codices
1216 1249 1308 1279 cum
1339 1238 1492 1279 Latino
1524 1238 1725 1281 exhibent

60 1321 143 1349 non
176 1307 276 1349 data
308 1319 438 1360 opera
467 1310 540 1348 aut
570 1306 760 1348 consulto
792 1306 971 1360 scriptus
1012 1317 1105 1347 esse
1138 1304 1316 1358 uidetur,
1347 1304 1422 1347 sed
1456 1318 1594 1347 errore
1624 1306 1723 1348 scri-

61 1375 222 1416 barum.
285 1374 507 1416 uoluerunt
538 1374 670 1426 enim,
708 1378 753 1415 ut
783 1373 961 1425 uidetur,
994 1376 1249 1415 correctores
1278 1385 1481 1427 reponere
1514 1386 1620 1426 eum,
1653 1374 1725 1428 qui

62 1443 105 1484 in
137 1453 342 1496 geneseos
376 1441 578 1483 hebraica
607 1441 851 1483 recensione
882 1439 1073 1494 traditur,
1104 1453 1308 1482 annorum
1346 1442 1470 1493 1656,
1511 1453 1636 1492 quem
1666 1441 1726 1483 ita

61 1514 278 1565 receptum
300 1521 394 1551 esse
416 1513 529 1563 puto,
560 1513 605 1550 ut
631 1512 808 1550 restaret
837 1520 1033 1550 numerus
1054 1507 1314 1550 millenarius
1340 1507 1582 1560 Flauianus,
1614 1508 1726 1551 unde

60 1577 140 1620 orti
171 1581 268 1620 sunt
297 1576 396 1618 anni
428 1578 549 1618 2656.
611 1588 720 1628 quae
750 1575 990 1617 coniectura
1020 1588 1070 1618 eo
1102 1574 1392 1628 confirmatur,
1424 1574 1536 1627 quod
1565 1575 1607 1616 in
1638 1576 1725 1630 epi-

20 1691 27 1699 ,
62 1650 177 1688 101113
217 1657 342 1697 quam
382 1647 548 1685 secutus
589 1647 652 1686 est
683 1643 871 1685 Zonaras
885 1644 918 1694 3)
949 1655 994 1684 re
1024 1654 1125 1684 uera
1154 1642 1254 1684 anni
1290 1645 1394 1683 1656
1434 1647 1728 1696 computantur

62 1725 144 1755 non
172 1713 296 1753 2656.
346 1711 538 1753 similiter
568 1724 615 1754 se
644 1710 774 1752 habet
803 1710 823 1751 I
851 1710 875 1762 ἓ
902 1712 977 1751 148
1003 1722 1095 1762 sqq.
1106 1742 1116 1763 ,
1147 1710 1220 1751 ubi
1250 1713 1435 1764 tempus,
1476 1710 1589 1763 quod
1619 1710 1728 1753 inter

64 1779 268 1822 diluuium
309 1783 350 1821 et
387 1778 587 1820 Abrahae
624 1791 781 1820 aunum
825 1777 1011 1820 natalem
1050 1776 1286 1832 praeteriit,
1332 1777 1528 1831 refertur3
1574 1777 1729 1831 singuli

62 1846 175 1890 enim
205 1846 368 1888 numeri
397 1846 440 1888 in
471 1845 666 1888 omnibus
697 1845 912 1888 codicibus
953 1844 1097 1887 traditi
1137 1849 1233 1886 sunt
1263 1844 1325 1886 hi:
1370 1844 1523 1887 Semae
1559 1848 1621 1899 12,
1653 1846 1728 1887 Ar·

59 1913 251 1969 phaxadi
285 1916 386 1966 135,
428 1911 555 1955 Salae
589 1916 690 1965 130,
730 1913 857 1955 Eberi
894 1915 993 1966 134,
1025 1913 1204 1965 Phalegi
1238 1915 1337 1965 130,
1376 1913 1542 1967 Ragaui
1573 1914 1729 1964 (Rumi)

63 1985 155 2036 130,
189 1981 339 2035 Serugi
362 1983 455 2035 132,
485 1981 709 2023 Nachorae
735 1985 827 2035 120,
857 1980 1010 2023 Τ1101·1·1
1030 1983 1083 2022 70
1114 1980 1227 2034 311111,
1259 1981 1330 2033 qui
1352 1993 1497 2023 omnes
1522 1993 1730 2023 summam

62 2048 246 2093 efficiunt
287 2061 490 2090 annorum
520 2050 614 2090 993.
675 2049 751 2091 sed
788 2049 832 2092 in
872 2048 1088 2091 codicibus
1119 2048 1304 2090 MSPLE
1338 2061 1423 2090 una
1454 2061 1547 2090 cum
1579 2048 1730 2091 Latino

62 2122 157 2160 sunt
195 2115 239 2171 (ξ
274 2118 369 2167 148)
408 2115 509 2158 311111
540 2118 643 2169 292,
684 2122 785 2169 quot
823 2116 952 2159 1131101
991 2116 1159 2170 genesis
1197 2114 1408 2158 hebraicis
1444 2115 1594 2158 litteris
1634 2129 1728 2158 con-

63 2185 230 2239 scripta.
291 2183 368 2225 sed
398 2189 576 2241 apparet
605 2197 632 2226 a
660 2184 841 2239 Iosepho
872 2185 984 2226 hunc
1012 2197 1230 2226 numerum
1259 2183 1387 2226 scribi
1416 2197 1500 2226 non
1530 2184 1730 2237 potuisse,

63 2251 140 2294 sed
178 2252 316 2294 solum
357 2265 452 2294 eum
484 2264 608 2304 quem
649 2252 809 2295 habent
839 2251 934 2305 ΒΟ,
974 2252 1017 2293 111
1063 2252 1215 2304 quibus
1254 2251 1475 2293 traduntur
1505 2251 1604 2292 anni
1635 2253 1728 2293 992.

64 2333 163 2375 ergo
194 2319 263 2361 hic
293 2332 460 2374 quoque
500 2319 667 2362 codices
704 2320 888 2362 MSPLE
930 2333 1024 2362 cum
1062 2319 1214 2361 Latino
1245 2331 1299 2360 ex
1329 2318 1448 2361 libris
1478 2318 1609 2360 sacris
1640 2331 1727 2360 cor-

62 2388 167 2430 recti
196 2392 303 2429 sunt.

179 2454 231 2497 Id
263 2466 431 2507 quoque
461 2453 631 2508 saepius
661 2454 829 2507 accidit,
859 2458 905 2496 ut
934 2454 1225 2497 Hebraeorum
1259 2453 1431 2495 nomina
1466 2453 1510 2494 in
1540 2451 1614 2494 ΒΟ
1644 2453 1731 2495 3113

67 2522 171 2576 81111,
212 2524 342 2574 atque
370 2521 415 2563 in
446 2521 596 2564 ceteris
626 2521 745 2564 libris
775 2521 989 2575 omnibus,
1033 2522 1165 2564 ueluti
1195 2525 1241 2563 ut
1269 2534 1407 2575 pauca
1443 2520 1641 2575 exempla
1677 2534 1731 2563 ex

182 2668 214 2707 1)
238 2667 441 2709 postremus
466 2665 511 2700 de
535 2664 592 2700 his
616 2665 774 2701 numeris
798 2665 1001 2710 disputauit
1024 2664 1302 2708 1.v.Destinon,
1327 2664 1385 2699 die
1404 2663 1642 2708 Chronologie
1667 2664 1730 2699 des

66 2722 254 2767 Iosephus.
303 2721 385 2756 Kiel
412 2723 510 2755 1880.
546 2731 608 2766 pp.
636 2724 666 2755 1.
693 2724 746 2756 22.

180 2780 212 2820 2)
237 2777 390 2813 eundem
414 2787 592 2812 annorum
616 2779 703 2812 2262
721 2788 909 2813 numerum
924 2778 1054 2813 Iulium
1070 2777 1284 2813 Africanum
1302 2776 1444 2811 dedisse
1462 2775 1594 2810 scimus
1611 2776 1728 2821 (Sync.

67 2845 104 2879 p.
119 2836 160 2868 35
187 2833 316 2877 Bonn),
340 2833 401 2878 qui
425 2843 534 2879 saepe
557 2833 712 2879 Iosepho
741 2845 828 2869 usus
853 2838 918 2869 est.

185 2892 217 2932 3)
242 2900 323 2924 nam
348 2891 387 2924 in
411 2890 578 2925 Zonarae
603 2890 790 2925 codicibus
815 2889 1073 2934 antiquissimis
1098 2892 1182 2923 sunt
1206 2889 1291 2923 anni
1318 2891 1424 2932 1656,
1447 2888 1486 2923 111
1510 2887 1730 2924 editionibus

71 2948 176 2989 2242,
205 2945 267 2989 qui
289 2957 460 2981 numerus
485 2957 530 2981 ex
552 2946 676 2990 genesi
698 2956 830 2991 graeca
854 2949 1019 2991 sumptus
1043 2948 1109 2980 081.
1158 2944 1338 2990 epitomae
1362 2945 1505 2980 codices
1529 2955 1643 2979 annos
1667 2955 1729 2979 ex-

70 3000 197 3035 hibent
222 3003 322 3044 1056,
347 3012 429 3037 cum
452 3002 682 3038 librariorum
706 3012 828 3038 errore
853 3002 1014 3037 sexcenti
1039 3001 1161 3036 omissi
1186 3001 1269 3036 sint.

1406 3057 1460 3092 C*
