2091 3418
531 182 690 227 ANTIQ.
718 182 812 217 IUD.
839 182 871 216 11
897 185 1075 217 :512-:310
1100 186 1170 223 (xlv
1187 188 1214 213 6.
1241 185 1283 212 xv
1304 187 1332 223 ι)
1681 180 1756 216 149

110 297 222 355 πρὸς
250 295 328 354 τὴν
359 296 508 347 ἔξοδον
538 298 610 339 καὶ
641 295 852 346 διατάξας
884 295 945 346 εἰς
976 299 1167 352 ([ατρίας
1205 294 1249 338 ἐν
1279 290 1422 350 ταύτῷ
1456 303 1658 347 συνεῖχεν,
1691 292 1757 335 ἐν·

109 365 270 423 στάσης
307 365 353 407 δὲ
390 366 466 420 τῆς
503 364 976 422 τεσσαρεσκαιδεκάτης
1014 363 1176 414 πάντες
1215 363 1329 420 πρὸς
1375 360 1544 418 ἰὶφοδον
1590 361 1758 414 ἔχοντες

109 433 243 477 ἔθυον
272 434 344 475 καὶ
373 435 435 488 τῷ
468 432 621 486 α’ίματι
658 433 736 483 τὰς
776 432 916 483 οἰκίας
957 428 1124 488 ἥγνιζον
1164 429 1375 474 ὑσσώπου
1406 431 1563 485 κόμαις
1594 427 1756 472 ἀναλα-

106 500 258 556 βόντες
287 501 357 542 καὶ
389 500 703 556 δειπνήσαντες
733 500 786 543 τὰ
832 499 969 543 λοιπὰ
1000 502 1088 542 τιῦν
1117 502 1252 554 κρεῶν
1284 499 1470 541 ἔκαυσαν
1502 495 1561 548 ὥς
1592 498 1758 548 ἐξελευ-

59 579 78 611 5
107 567 297 622 σὸμενοι.
357 562 466 610 ὅθεν
506 570 576 610 νῦν
615 568 679 612 ἔτι
719 568 828 611 κατὰ
867 569 914 611 τὸ
955 569 1062 618 ἔθος
1102 563 1239 617 οὕτως
1278 567 1444 620 θύομεν
1481 564 1559 622 τὴν
1605 564 1757 621 ἑορτὴν
1789 567 1870 608 313

106 635 256 689 πάσχα
292 636 544 686 καλοῦντες,
586 640 787 693 σημαίνει
829 634 868 678 δ’
900 634 1170 691 ὑπερβάσια,
1214 634 1328 677 διότι
1368 630 1461 675 κατ’
1489 634 1652 689 ἐκείνην
1681 632 1759 688 τὴν

104 699 267 759 ἡμέραν
298 700 320 745 ὃ
352 702 461 753 θεὸς
493 700 634 746 αὐτῶν
666 702 862 759 ’ὑπερβὰς
892 704 1164 759 Αἰγυπτίοις
1196 702 1474 758 ἐναπέσκηψε
1504 700 1582 755 τὴν
1615 700 1758 743 νόσον.

104 766 128 826 ἡ
159 768 241 826 γὰρ
272 770 427 827 φθορὰ
458 774 545 814 τῶν
577 773 869 827 πρωτοτόκων
900 770 996 814 κατ’
1024 771 1187 828 ἐκείνην
1217 769 1365 812 ἔπεισι
1394 768 1472 825 τιῖν
1505 768 1635 811 νύκτα
1666 777 1760 818 τοῖς

104 837 390 894 Αἰγυπτίοις,
423 836 483 890 ὠς
515 840 809 890 συνελθόντας
840 838 1032 889 πολλοὺς
1062 841 1149 880 τῶν
1171 840 1271 892 περὶ
1303 837 1352 880 τὸ
1384 838 1610 892 βασίλειον
1643 836 1759 878 διαι-

41 915 77 948 10
104 909 309 960 τωμένων
338 909 401 962 τῷ
435 908 665 965 Φαραώθῃ
699 907 1008 962 συμβουλεύειν
1040 902 1252 949 ἀπολύειν
1281 902 1636 961 τοὺςἜβραίους.
1686 905 1758 946 καὶ
1791 908 1871 946 314

105 976 305 1031 Μωυσῆν
335 976 522 1026 καλέσας
553 975 713 1025 ε’κεῑνος
744 973 924 1018 ἀπιέναι
964 973 1244 1029 προσέταξεν,
1286 972 1324 1015 εἰ
1363 975 1440 1028 τῆς
1467 972 1612 1027 χώρας
1643 970 1759 1022 ἐξέλ-

105 1044 234 1084 θοιεν
264 1042 523 1086 παύσεσθαι
553 1043 631 1100 τὴν
661 1043 896 1099 Αἴγυπτον
934 1044 1280 1085 κακοπαθοῦσαν
1318 1038 1567 1095 ὑπολαβών,
1601 1039 1761 1095 δώροις

105 1125 153 1151 τε
181 1107 284 1159 τοὺς
309 1107 531 1166 Ἑβραίους
569 1111 742 1165 ε’τίμων,
782 1111 823 1153 οἱ
854 1111 932 1165 μὲν
968 1108 1078 1165 ὑπὲρ
1108 1111 1186 1151 τοῦ
1215 1108 1366 1162 τάχιον
1398 1107 1608 1159 ἐξελθεῖν,
1640 1107 1682 1149 οἱ
1714 1106 1760 1148 δὲ

106 1178 179 1219 καὶ
209 1176 319 1219 κατὰ
349 1177 594 1235 γειτνιακὴν
625 1178 738 1235 πρὸς
771 1175 927 1229 αὐτοὺς
959 1177 1211 1233 συνήθειαν.

39 1254 76 1287 15
219 1246 311 1288 XV.
362 1250 396 1288 1.
444 1247 528 1288 Καὶ
563 1247 603 1288 οἱ
635 1247 712 1300 μὲν
745 1245 923 1302 ἐξῄεσαν
958 1245 1198 1288 κλαιόντων
1228 1246 1299 1286 καὶ
1331 1242 1659 1298 μετανοούντων
1690 1237 1760 1284 ὅτι
1792 1246 1871 1286 315

103 1311 338 1368 χρήσαιντο
366 1314 569 1366 χαλε-πῶς
602 1310 750 1364 αὐτοῖς
780 1316 866 1356 τῶν
895 1313 1181 1369 Αἰγυπτίων,
1220 1311 1298 1367 τὴν
1337 1312 1382 1354 δὲ
1415 1314 1602 1366 πορείαν
1633 1309 1760 1353 ἐποι-

107 1382 233 1422 οῦντο
274 1379 383 1422 κατὰ
414 1384 594 1438 Α’Ῐητοῦς
636 1382 767 1424 πόλιν
807 1381 964 1438 ἔρημον
1004 1372 1138 1424 οὖσαν
1181 1378 1222 1422 ἒν
1254 1389 1348 1429 τοῖς
1376 1374 1499 1421 τότε·
1547 1376 1761 1433 Βαβυλών

106 1445 188 1502 γὰρ
221 1442 398 1504 ὕστερον
430 1448 515 1492 ἐκεῖ
554 1449 742 1500 κτίζεται
771 1449 1010 1504 Καμβύσου
1050 1450 1458 1505 καταστρεφομένου
1498 1444 1576 1501 τὴν
1615 1445 1761 1500 Αἴγυ-

108 1531 233 1557 πτον.
293 1516 517 1570 συντόμως
548 1517 593 1559 δὲ
625 1517 880 1571 ποιούμενοι
911 1516 989 1573 τὴν
1027 1513 1197 1573 ἄφοδον
1237 1514 1300 1565 εἷς
1331 1515 1648 1570 Βεελσεφῶντα
1674 1529 1762 1566 χω-

41 1594 78 1626 20
108 1587 203 1639 ρίον
238 1593 427 1640 τριταῖοι
468 1588 786 1641 παραγίνονται
825 1587 901 1641 τῆς
926 1580 1140 1640 Ἐρυθρᾶς
1179 1582 1425 1639 θαλάσσης.
1486 1580 1672 1639 μηδενὸς
1715 1580 1761 1623 δὲ
1793 1585 1873 1625 316

108 1654 195 1694 τῶν
227 1647 316 1695 ἀπὸ
348 1655 425 1709 τῆς
453 1655 530 1709 γῆς
558 1649 847 1709 εὐποροῦντες
878 1652 952 1695 διὰ
982 1651 1059 1709 τὴν
1094 1651 1276 1708 ἐρημίαν
1307 1653 1639 1706 πεφυραμένοις
1668 1658 1762 1699 τοῖς

220 1756 239 1796 §
265 1755 329 1788 312
357 1770 396 1781 =
421 1753 570 1788 Exodus
588 1730 662 1788 &XII
688 1756 740 1788 21.

219 1843 713 1880 ROMSPLAELatZonaras
722 1844 738 1878 I
748 1856 782 1888 p.
793 1847 832 1878 57
842 1855 892 1888 sq.
912 1844 1130 1879 Theodoret.
1140 1843 1155 1877 I
1164 1854 1198 1887 p.
1210 1845 1264 1877 89.
1281 1842 1440 1876 Michael
1449 1841 1579 1887 Glycas
1588 1854 1623 1887 p.
1637 1844 1701 1876 290
1710 1853 1760 1886 sq.

223 1905 239 1936 1
266 1897 482 1947 *φρατριάς
505 1901 560 1935 ed.
575 1912 630 1946 pr.
724 1900 930 1947 *συνέσχεν
959 1901 992 1934 Α
1090 1896 1316 1944 *ἐνστάσησ,
1342 1895 1482 1944 νστάση
1506 1897 1529 1932 i.
1550 1908 1621 1932 ras.
1640 1898 1673 1933 R

109 1960 129 1992 2
152 1954 586 2004 *τεσσαρισκαιδεκάτησ
609 1956 677 1991 RA
783 1953 923 2002 ἔφοδον
946 1957 1034 1992 SPA
1127 1958 1145 1990 3
1170 1958 1263 2004 *τιῤ]
1288 1951 1334 1991 τὸ
1354 1957 1386 1989 Α
1479 1954 1652 1990 *οἰκείασ
1677 1955 1763 1990 S¹P¹

219 2010 373 2050 ὑσώπου
396 2013 428 2048 Ε
455 2012 586 2059 hysopi
607 2013 679 2048 Lat
828 2011 957 2057 κόμασ
978 2015 1013 2055 (ο
1040 2024 1084 2048 ex
1109 2029 1139 2049 ω
1164 2023 1255 2048 corr.
1282 2013 1318 2053 S)
1344 2011 1443 2047 MSE
1467 2008 1624 2056 κόμα·σ
1639 2012 1673 2045 A

108 2074 127 2106 5
154 2064 258 2112 ὅθεν]
282 2069 391 2114 incip.
418 2069 548 2115 Glycas
671 2066 769 2106 κατὰ
796 2066 853 2111 τὸ]
878 2065 968 2106 κατ’
991 2070 1021 2104 L
1137 2072 1156 2103 6
1182 2066 1352 2115 *πάσχω
1377 2066 1505 2114 φάσκα
1529 2069 1552 2103 i.
1577 2078 1648 2102 ras.
1675 2070 1761 2102 4—5

106 2127 175 2162 litt.
192 2137 237 2161 m.
257 2129 277 2161 2
293 2126 322 2160 P
424 2126 461 2163 δὲ
485 2126 772 2172 MSPLAEGlyc
875 2123 1101 2173 ὑπερβάσια]
1126 2122 1341 2173 ὑπερβασία
1363 2124 1763 2161 MSP¹LATheodoreti

107 2217 185 2253 cod.
209 2217 361 2252 Barocc.
394 2191 606 2264 ὑπερβασιξ
623 2217 657 2252 R
685 2213 925 2264 ὑπερβασίαι)
959 2217 1240 2262 0P2E20nGlyc
1272 2216 1573 2251 transcensionem
1602 2216 1674 2250 Lat

109 2277 126 2308 7
152 2270 333 2320 *ἣμέραν]
359 2271 523 2319 ἑσπέραν
547 2273 727 2319 SPAGlyc
842 2270 978 2315 αὐτῶν]
1004 2269 1145 2310 αὐτοὺσ
1169 2273 1202 2308 Ε
1309 2271 1596 2318 *ἐναπέσκηψεν
1619 2272 1763 2307 MS¹PA

219 2331 294 2376 *τῆ
317 2327 420 2366 νόσω
436 2330 500 2365 Ro
592 2332 610 2364 8
635 2327 888 2377 προτοτόκων
911 2330 1118 2373 (‘?)RMSPE
1209 2326 1367 2370 *ε’πεισι]
1393 2326 1517 2365 ἔπεισε
1540 2327 1574 2362 Β,
1598 2324 1708 2364 ἔπεσε
1733 2328 1762 2363 Ο

220 2390 240 2422 9
264 2383 599 2423 *συνανελθόντασ
623 2386 652 2421 Ο
748 2390 787 2421 10
813 2386 1021 2434 *pharaoni
1044 2386 1116 2421 Lat
1208 2389 1246 2420 11
1274 2382 1463 2427 *α’πιέναι,
1488 2400 1499 2420 ι
1524 2384 1547 2418 i.
1569 2395 1656 2428 ras„
1679 2384 1697 2420 έ
1721 2395 1762 2429 s.,

109 2455 153 2480 ex
177 2439 329 2481 ἀπεῖναι
353 2453 445 2478 corr.
471 2442 544 2478 uid.
568 2443 608 2477 M
711 2446 751 2478 12
774 2441 1001 2485 παύσεσθαι]
1027 2444 1120 2479 coni.
1146 2439 1365 2479 παύσασθαι
1391 2442 1494 2477 codd.
1594 2454 1763 2477 κακοπα-

108 2503 244 2537 θεῐσαν
265 2499 297 2534 L
381 2502 420 2534 13
442 2503 523 2541 *τε]
547 2499 586 2536 δὲ
610 2499 698 2535 SPA
775 2499 811 2536 οὶ
833 2500 903 2544 μὲν
925 2501 1035 2536 iterat
1057 2499 1087 2534 L
1167 2501 1234 2535 τοῦ
1258 2509 1303 2533 ex
1327 2495 1371 2534 τὸ
1397 2508 1488 2533 corr.
1513 2499 1547 2532 A
1618 2496 1762 2544 τάχιον]

110 2556 258 2602 ταχέωσ
281 2555 370 2591 SPA
472 2559 513 2591 14
535 2558 610 2598 καὶ]
634 2555 868 2592 RMSPALat
893 2567 960 2591 om.
987 2556 1048 2592 OL
1155 2559 1194 2590 15
1220 2553 1396 2598 *ἐξίεσαν
1419 2555 1447 2596 (ί
1469 2554 1492 2588 i.
1518 2565 1588 2589 ras.
1614 2554 1666 2595 M)
1690 2554 1764 2590 RM

220 2609 412 2648 κλεόντων
437 2611 465 2646 Ο
577 2609 854 2656 μετανοώντων
877 2614 926 2648 A¹
1032 2614 1071 2647 16
1093 2614 1294 2657 χαλαιπῶσ
1317 2611 1357 2645 Μ
1460 2610 1677 2656 αι’γυπτίων,
1702 2610 1764 2657 αἰγ

109 2670 134 2705 i.
153 2679 283 2703 ras.m.
302 2669 322 2702 3
345 2667 374 2702 Ρ
455 2671 494 2703 17
521 2669 699 2714 *Λητοῦς]
716 2668 800 2703 litus
812 2669 883 2704 Lat
966 2672 1004 2703 18
1021 2670 1188 2712 κτίζεται
1204 2666 1283 2703 ἐκεῖ
1305 2670 1349 2701 tr.
1365 2666 1526 2701 MSPAE
1609 2667 1633 2700 i.
1651 2677 1762 2711 marg.

109 2720 326 2773 βαβυλώνή
349 2720 463 2771 μικρὰ
488 2724 517 2759 Ο
615 2722 865 2772 *καμβύσσου
889 2725 919 2760 L
1022 2723 1374 2770 *καταστρεφομέί-
1390 2735 1474 2758 -νου
1496 2724 1530 2757 Α
1631 2726 1671 2758 19
1696 2724 1763 2760 *δὲ

112 2792 179 2817 om.
205 2780 269 2816 Ro
393 2777 567 2826 ἄμφοδον
590 2781 631 2816 S³
757 2785 1038 2828 Βεελσεφῶντα]
1061 2782 1308 2828 βελσεφιῦντα
1333 2779 1420 2815 SPE
1444 2782 1705 2826 βειλσεφῶντα
1730 2782 1763 2815 Α

111 2836 322 2883 beelsephon
345 2836 417 2872 Lat
506 2840 548 2872 20
573 2840 775 2885 *τριταῖοι]
803 2844 928 2885 τριταῖ
949 2839 983 2874 R
1075 2838 1393 2884 *παραγίνονται1
1418 2838 1585 2883 γίνονται
1607 2836 1672 2871 Ro

113 2897 152 2929 21
179 2893 483 2940 *πεφυραμένοις
497 2913 535 2918 —
549 2905 584 2939 p.
601 2898 676 2938 150,
691 2898 709 2929 2
728 2894 982 2940 διετρέφοντο]
1005 2895 1227 2939 fermentata
1247 2893 1376 2937 farina
1400 2893 1527 2928 azimis
1545 2893 1706 2940 panibus
1728 2898 1764 2929 et

112 2949 250 2986 modico
275 2949 517 2985 tantummodo
542 2955 699 2998 tempore
722 2951 924 2998 coagulatis
948 2950 1182 2986 uescebantur
1207 2949 1277 2984 Lat
