2091 3418
78 572 96 605 5

57 908 94 943 10

52 1243 88 1278 15

624 180 785 225 ANTIQ.
811 181 906 217 IUD.
932 181 965 216 11
991 184 1168 216 21:3—216
1193 184 1239 221 (nx
1256 185 1287 223 s)
1703 179 1777 217 127

129 311 226 346 πως
265 292 444 352 ἐχούσης
484 294 700 350 πρότερον
739 294 895 338 ἔπειτα
936 294 1045 337 κατὰ
1084 294 1162 351 τὴν
1204 289 1334 336 αὐτοῦ
1364 292 1574 350 βούλησιν
1606 289 1780 349 ἀγαθῆς

128 361 241 419 πρὸς
271 363 399 405 τοῦτο
430 365 662 420 γενομένης
692 364 903 405 τεκνῶσαι
937 363 1101 413 παῖδας
1132 364 1202 405 καὶ
1240 363 1500 404 καταλιπεῖν
1530 361 1608 416 μὲν
1634 358 1778 416 Ἰσμα-

127 431 217 488 ήλῳ
247 431 318 473 καὶ
359 438 452 481 τοῖς
493 428 540 480 ἐξ
579 427 710 472 αι”τοῦ
749 429 826 487 τὴν
863 426 1053 484 Ἀράβων
1081 429 1239 486 χώραν,
1279 439 1372 480 τοῖς
1403 426 1445 471 δ’
1473 428 1516 471 ἐκ
1549 429 1779 485 Κατούρας

124 497 204 556 τὴν
231 497 544 554 Τρωγλοδῦτιν,
572 493 722 554 Ἰσάκῳ
746 498 791 540 δὲ
813 497 889 555 τὴν
911 501 1183 540 Χαναναίαν.
1235 492 1349 549 „Zaa
1371 513 1416 539 τε
1438 498 1644 550 πολεμῶν
1665 496 1774 539 κατὰ

124 566 203 622 τὴν
235 565 351 622 ἐμήν,
384 570 506 623 φησί,
540 570 788 620 συμμαχίαν
821 562 1128 623 ἠνδραγάθησε
1166 558 1243 607 κᾶν
1276 561 1448 619 ἀσεβεῖς
1480 562 1592 607 εἶναι
1624 564 1776 622 δόξητε

123 635 197 678 καὶ
235 633 294 688 μὴ
338 632 411 677 διὰ
443 633 612 691 μνήμης
644 633 824 687 ἔχοντες.
881 630 1084 688 Ἰάκωβον
1116 633 1161 676 δὲ
1201 634 1272 676 καὶ
1303 642 1397 682 τοῖς
1429 628 1502 686 οἰχ
1533 630 1776 690 ὁμοφύλοις

122 701 340 759 γνώριμον
372 699 483 745 εἶναι
517 705 783 758 συμβέβηκεν
823 701 899 744 ἐπί
935 718 981 744 τε
1021 705 1202 757 μεγέθει
1243 702 1318 757 τῆς
1351 696 1633 754 εὐδαιμονίας
1663 698 1770 755 μεθ’

123 765 174 828 ἧς
204 768 362 825 ἐβίωσε
392 771 462 813 καὶ
496 771 626 812 παισὶ
658 778 752 819 τοῖς
783 765 915 812 αῦτοῦ
955 770 1210 821 κατέλιπεν,
1253 765 1301 811 οὗ
1333 767 1442 822 μετὰ
1478 767 1775 824 ἑβδομήκοντα

122 839 210 881 τῶν
241 837 420 880 πάντων
452 837 514 888 εἰς
534 837 770 892 Αἴγυπτον
793 832 1060 894 ἀφικομένου
1085 834 1193 892 ῦπὲρ
1223 833 1427 892 ἑξήκοντά
1450 853 1536 879 που
1557 835 1774 892 μυριάδας

1806 500 1886 540 214

121 902 202 963 ἤδη
234 905 452 961 γεγόνατε.
514 907 585 947 νῦν
618 900 659 947 δ’
688 905 762 959 ἐμὲ
794 907 869 947 τοῦ
901 906 1023 960 κοινῇ
1055 907 1354 961 συμφέροντος
1387 901 1503 958 ῦμιῦν
1535 903 1629 946 ἰ’στε
1659 920 1770 959 προ·
1801 906 1880 946 215

960 969 972 984 C

121 973 356 1028 νοούμενον
386 975 458 1016 καὶ
488 975 565 1028 τῆς
597 975 675 1029 σῆς
706 972 919 1023 εὐκλείας·
951 989 973 1014 ο
999 981 1106 1022 παῖς
1134 971 1214 1027 γὰρ
1247 967 1384 1023 οὗτος,
1418 975 1466 1014 οὐ
1499 971 1576 1028 τὴν
1607 974 1773 1027 γένεσιν

119 1041 368 1098 Αἰγύπτιοι
408 1040 600 1090 δεδιότες
638 1044 891 1096 κατέκριναν
933 1035 1179 1083 ἀπολλύναι
1217 1039 1271 1081 τὰ
1313 1039 1358 1090 ἐξ
1390 1034 1668 1095 Ἰσραηλιτῶν
1707 1055 1773 1082 τι-

119 1109 319 1164 κτόμενα,
352 1107 430 1160 σὸς
460 1108 583 1152 ἔσται
613 1111 685 1152 καὶ
717 1108 896 1164 λήσεται
927 1107 1005 1161 μὲν
1039 1106 1140 1158 τοῦς
1172 1102 1242 1150 ἐπ’
1269 1103 1444 1162 ὀλέθρῳ
1476 1106 1772 1164 παραφυλάσ-

121 1191 298 1228 σοντας,
337 1178 523 1233 τραφεὶς
564 1176 609 1218 δὲ
650 1175 914 1230 παραδόξως
951 1175 998 1217 τὸ
1039 1175 1116 1229 μὲν
1143 1172 1350 1230 Ἑβραίων
1390 1177 1511 1230 γένος
1551 1177 1627 1231 τῆς
1658 1169 1766 1227 παρ’

118 1244 392 1300 Αἰγυπτίοις
431 1240 617 1301 ἀνάγκης
657 1240 894 1295 ἀπολέσει,
934 1242 1104 1300 μνήμης
1143 1243 1189 1285 δὲ
1220 1238 1293 1300 ἐφ’
1321 1239 1425 1286 ὅσον
1465 1251 1586 1297 μενεῖ
1616 1241 1771 1298 χρόνον

119 1311 172 1354 τὰ
205 1311 437 1366 σύμπαντα
467 1311 664 1362 τεύξεται
696 1307 805 1366 παρ’
840 1306 1103 1367 ἀνθρώποις
1141 1306 1215 1364 οὐχ
1242 1308 1459 1366 Ἑβραίοις
1493 1310 1628 1364 μόνον
1660 1305 1770 1353 ἀλλὰ

118 1381 191 1422 καὶ
221 1379 344 1436 παρὰ
374 1388 468 1430 τοῖς
491 1375 769 1436 ἀλλοφύλοις,
802 1379 905 1433 ἐμοῦ
934 1381 1061 1421 τοῦτο
1080 1378 1364 1435 χαριζομένου
1397 1383 1469 1422 σοί
1499 1395 1545 1421 τε
1574 1380 1646 1421 καὶ
1677 1387 1770 1428 τοῖς

119 1446 163 1490 ἐκ
195 1449 273 1490 σοῦ
303 1450 620 1504 γενησομένοις.
673 1446 796 1489 ἔσται
829 1443 869 1489 δ)
899 1442 1015 1502 αὐτῷ
1045 1448 1117 1489 καὶ
1149 1443 1170 1489 oc
1196 1442 1388 1503 ἀδελφὸς
1414 1449 1624 1499 τοιοῦτος,
1657 1441 1770 1489 ὥστε

229 1638 724 1674 ROMSPLAELatZonaras
749 1639 765 1673 I
789 1649 823 1683 p.
851 1641 903 1673 52.
952 1638 1186 1674 ExcPeiresc.

234 1710 246 1741 1
275 1703 414 1748 ἔπειτα]
440 1707 520 1743 ἐπεὶ
543 1706 663 1741 MExc
687 1705 767 1742 ἐπεὶ
793 1703 838 1742 τὰ
864 1706 894 1740 L
1007 1703 1116 1748 κατὰ]
1141 1709 1204 1742 καὶ
1227 1703 1324 1742 κατὰ
1351 1705 1380 1740 Ο
1493 1708 1511 1740 2
1535 1707 1598 1741 καὶ
1621 1709 1771 1741 καταλι-

116 1767 289 1800 πεῖν-4
307 1764 532 1800 Χαναναίαν
557 1773 623 1798 om.
638 1762 717 1798 Exc
785 1765 1026 1799 καταλειπεῖν
1050 1764 1083 1798 A
1151 1759 1331 1807 ἰσμαήλω,
1356 1761 1539 1798 Zi.ras.A
1608 1763 1627 1796 3
1654 1757 1768 1807 ἄρρά-

114 1823 196 1866 βων
221 1819 291 1855 ΟΜ
361 1822 450 1861 τοῖς]
476 1829 520 1854 ex
544 1816 588 1855 τὸ
616 1829 706 1854 corr.
732 1819 771 1853 M
797 1822 865 1865 τῆσ
888 1819 951 1854 RL
1021 1814 1058 1855 δ’
1083 1817 1126 1855 ἐκ
1154 1815 1363 1863 Κατούρας]
1391 1818 1429 1855 δὲ
1452 1815 1648 1865 κατοῦρασ
1671 1817 1769 1853 ROA

114 1875 153 1912 δὲ
175 1873 365 1923 χετοὺρασ
390 1876 443 1911 SP
469 1870 560 1912 δ’ἐκ
583 1873 776 1922 χατούρησ
800 1875 830 1910 L
862 1875 1032 1911 cethurae
1054 1875 1126 1910 Lat
1194 1879 1215 1910 -1
1240 1872 1500 1922 τρογλωὸύτϊν,
1525 1879 1541 1910 ἰ’
1562 1885 1606 1909 ex
1632 1890 1651 1920 η
1676 1885 1766 1909 corr.

113 1931 146 1967 R
163 1929 414 1978 τρογλοδῦτην
429 1931 551 1967 P¹S¹A
575 1926 836 1978 τρωγλοδύτην
853 1932 892 1967 S²
905 1929 1164 1979 τρωγλωδὺτιν
1184 1931 1214 1966 L
1234 1931 1435 1976 troqormcn
1452 1931 1523 1966 Lat
1598 1928 1729 1972 Zodxw,
1746 1945 1769 1966 κ

114 1997 205 2023 corr.
220 1988 260 2024 M
329 1992 347 2023 5
372 1984 873 2036 ἦνδραγάθησενὸῑΡἏΕΧο
948 1985 1220 2035 ἠνδραγάθησε]
1238 1983 1523 2034 ἠνδραγάθησεν
1548 1982 1768 2034 ῦπερασπιῶ

114 2045 152 2081 δὲ
174 2047 237 2081 καὶ
260 2041 364 2090 ὑμῶν
387 2047 421 2080 Α
527 2042 599 2082 κᾶν
623 2040 774 2092 α’σεβεῖς
799 2042 892 2081 εἶναι
923 2041 1051 2090 δόξητε
1078 2054 1144 2079 om.
1170 2044 1223 2079 SP
1337 2041 1500 2080 κᾶν-6
1525 2040 1675 2089 ἔχοντες
1701 2053 1767 2077 om.

113 2099 184 2136 Lat
251 2096 408 2148 α’σεβῆσ,
431 2104 453 2147 ἦ
477 2111 522 2136 ex
546 2107 581 2137 εῖ
604 2112 695 2137 corr.
721 2102 753 2136 A
851 2098 998 2144 δόξαιτε
1022 2100 1213 2136 Holwerda
1313 2103 1332 2134 6
1357 2102 1420 2135 καὶ
1443 2096 1505 2145 μὴ]
1530 2101 1593 2135 καὶ
1617 2098 1768 2133 MLExc

111 2159 175 2192 καὶ
198 2152 306 2201 ὑμεῖσ
336 2153 369 2199 (ὑ
393 2156 417 2192 i.
441 2167 513 2192 ras.
537 2168 583 2192 m.
611 2160 629 2191 2
655 2158 690 2200 S)
715 2157 768 2193 SP
798 2160 862 2194 καὶ
891 2153 996 2202 ὑμεῖς
1025 2153 1074 2202 μὴ
1100 2156 1292 2192 Holwerda
1322 2154 1371 2202 μὴ
1398 2156 1489 2192 coni.
1606 2153 1767 2201 ἔχοντες]

113 2253 216 2303 ἔχετε
241 2257 294 2294 SP
381 2254 616 2303 ὃμοφύλλοισ
632 2258 665 2294 R
750 2263 767 2294 ἰ’
793 2258 865 2300 ἐπὶ]
891 2257 983 2295 ἐπ·ί
1007 2259 1030 2294 S
1114 2253 1217 2302 μεθ’]
1243 2253 1308 2303 ἐφ’
1327 2258 1355 2293 O
1442 2259 1601 2312 8-παισὶ]
1627 2214 1704 2299 πεῖ-ιζ,
1731 2214 1769 2293 Z}

111 2312 134 2348 i.
149 2323 221 2349 ras.
244 2314 268 2350 S
292 2316 382 2351 πᾶσι
406 2313 592 2349 ROMExc
683 2315 902 2352 κατέλειπεν
925 2314 1031 2349 MLA
1054 2314 1249 2350 κατέλειπε
1272 2314 1351 2349 Exc
1445 2316 1499 2355 οὑ]
1526 2309 1570 2349 οὗ
1587 2313 1647 2348 OL
1675 2311 1710 2349 οἳ
1734 2315 1767 2348 Α

225 2367 524 2417 *ἓβδομήκοντα1
550 2368 760 2418 ὲβδομήκον
783 2371 811 2406 O
919 2373 939 2405 9
965 2366 1208 2415 α’φικομένων
1233 2369 1295 2405 ΟΕ
1322 2366 1546 2415 α’ᾳικόμενοι
1563 2371 1595 2404 A
1701 2383 1766 2414 μυ-

113 2423 252 2474 ριάδας]
279 2426 310 2461 Ε
335 2423 514 2473 μυριάδεσ
539 2428 642 2462 codd.
666 2427 745 2463 Exc
825 2431 864 2462 10
890 2424 1085 2473 γεγόνατε,
1111 2440 1177 2464 ατε
1202 2437 1246 2462 ex
1272 2421 1362 2463 ότεσ
1386 2437 1476 2461 corr.
1501 2427 1535 2460 A
1559 2422 1766 2472 γεγονότεσ

111 2482 263 2518 MLExc
287 2480 465 2528 γεγόνασι
488 2482 586 2518 ROE
661 2479 696 2520 δ’
720 2483 796 2528 ἐμὲ]
823 2484 862 2520 δέ
885 2497 932 2529 με
958 2483 1061 2519 codd.
1087 2483 1166 2518 Exc
1240 2486 1276 2518 11
1304 2482 1471 2528 γέννεσιν
1494 2482 1573 2517 Exc
1597 2481 1766 2528 γέννησιν

111 2537 218 2572 ΜΑΕ
315 2541 354 2573 12
379 2538 566 2585 ι’σραητῶν
581 2539 609 2574 Ρ
704 2542 742 2575 13
769 2536 880 2582 *σὸσ,
907 2536 927 2575 ὸ
953 2540 976 2574 i.
990 2549 1062 2574 ras.
1075 2549 1120 2573 m.
1137 2539 1196 2573 21³
1223 2541 1317 2574 σῶισ
1335 2538 1358 2573 S
1450 2534 1551 2573 *σὸσ
1575 2534 1679 2574 ἔσται
1702 2540 1765 2574 καὶ

110 2592 135 2626 i·
153 2603 237 2635 ras„
260 2594 298 2628 in
321 2605 431 2638 marg.
456 2592 560 2632 ἔσται
583 2597 616 2631 Α
708 2593 899 2643 *λήσεται]
925 2594 1109 2641 disperdet
1131 2595 1202 2630 Lat
1293 2591 1620 2638 διαφυλάσσοντασ
1645 2593 1674 2628 Ο

117 2652 155 2683 14
180 2647 374 2696 *ἐβραίων
399 2650 474 2685 S¹A
506 2648 661 2698 ἓβραῐον
691 2653 769 2688 Exc
884 2651 1021 2698 *γένος
1046 2661 1112 2686 om.
1138 2651 1178 2684 Μ
1291 2646 1386 2695 παρ’
1413 2650 1618 2697 αι’γυπτίων
1640 2650 1672 2685 Ε

116 2708 153 2739 15
178 2701 396 2747 *α’πολὺσει,
421 2719 452 2743 ει
475 2707 498 2741 i.
524 2718 595 2742 ras.
619 2719 665 2743 m.
690 2711 709 2743 2
733 2709 761 2743 Ρ
787 2705 957 2754 ἀπολύσῃ
981 2708 1005 2743 S
1075 2702 1110 2742 δ’
1135 2707 1231 2741 PLA
1300 2706 1427 2750 *μένει
1452 2709 1492 2749 (s.
1509 2707 1552 2749 L)
1575 2706 1764 2742 ROSPLA

221 2759 366 2807 χρόνον
390 2772 455 2797 om.
482 2763 514 2798 E
602 2761 747 2811 χρόνον
771 2765 873 2809 μένει
896 2767 940 2799 tr.
961 2763 990 2798 O
1086 2766 1125 2797 16
1151 2758 1253 2808 παρὰ
1280 2762 1466 2797 MLAExc
1561 2766 1599 2798 17
1625 2760 1761 2799 τούτου

110 2816 141 2851 L
245 2818 496 2864 χαριζομένου
519 2830 563 2855 ex
585 2818 833 2867 χαριζόμενο·
862 2830 952 2855 corr.
979 2820 1002 2855 S
1136 2820 1254 2855 σοί-
1272 2821 1312 2853 18
1336 2819 1599 2865 γενησομένοις
1624 2829 1689 2854 om.
1716 2820 1760 2863 A,

109 2872 147 2907 in
169 2883 278 2917 marg.
305 2874 420 2919 suppl.
445 2875 469 2910 S
569 2877 641 2918 σοί]
668 2880 738 2913 σοῦ
760 2877 806 2911 P¹
898 2889 938 2912 τε
964 2886 1030 2910 om.
1056 2874 1119 2910 ΒΟ
1214 2877 1254 2909 18
1279 2875 1569 2921 γεννησομένοισ
1594 2874 1672 2910 R02

109 2928 147 2965 δὲ
171 2929 354 2965 MLEExc

1802 1175 1882 1215 216
