2060 3475
859 258 1051 292 Praefatio.
1658 258 1787 293 LXXV

128 373 308 417 sustulit.
361 372 567 415 Dindortii
601 372 783 414 maxime
815 373 1034 426 exemplar
1065 378 1230 414 secutus
1263 378 1323 415 est
1349 373 1578 414 lnnnanuel
1603 373 1784 427 Bekker,

127 456 153 485 a
184 454 266 495 quo
306 440 519 493 recognita
560 444 622 482 est
652 439 781 482 editio
814 441 1044 495 Lipsiensis
1076 441 1370 482 'l'eubneriana
1401 441 1498 482 anni
1536 443 1650 484 1855.
1711 441 1787 484 scd

127 514 293 565 praeter
323 512 570 563 apparatum
595 507 882 562 Hauerkainpi
916 522 990 550 nec
1022 507 1261 549 Dindorfius
1293 522 1368 550 nec
1394 509 1611 550 Bckkerus
1630 510 1658 562 ¹)
1691 509 1786 550 sub—

127 576 237 619 sidia
268 589 377 618 noua
410 575 645 617 habuerunt
677 589 811 629 neque
843 591 868 618 a
895 589 1106 628 quoquam
1129 575 1183 617 ad
1205 576 1476 629 antiquitates
1499 577 1692 618 Iudaicas
1713 575 1786 618 ad-

128 645 216 687 lata
246 649 364 696 sunt;
397 643 543 697 paucis
574 644 682 685 enini
706 650 845 686 nostra
868 650 1006 686 aetate
1029 656 1153 685 curae
1180 650 1267 684 erat
1290 644 1503 697 Iosephus.
1556 644 1661 686 inter
1683 657 1787 697 quos

128 712 160 754 Ι.
178 711 229 754 H.
249 711 478 753 Holwerda
500 710 686 753 Batauus
707 725 816 753 anno
843 714 943 751 1817
971 711 1308 754 emendationum
1333 712 1629 753 Flauianarum
1653 711 1786 766 speci-

128 791 222 822 men
255 778 388 821 edidit
419 778 635 822 laudabile
658 793 735 822 nec
764 780 854 822 sine
876 781 1009 822 fructu
1031 778 1084 821 de
1107 778 1273 832 Iosephi
1295 792 1448 831 genere
1469 779 1636 821 dicendi
1661 792 1786 832 quae-

127 846 238 889 siuit.
299 845 414 888 aliud
454 847 537 900 egit
570 848 806 889 Ludouieus
838 847 1036 900 Dindors,
1077 847 1147 901 qui
1187 847 1227 888 in
1269 846 1492 888 annalibus
1524 846 1788 889 Fleckeiseni

129 913 230 966 (uol.
254 918 305 953 tlt)
336 928 372 968 p.
397 916 469 955 521
488 915 598 967 sqq.)
620 916 845 969 Iosephum
867 914 921 956 ad
944 915 1176 957 Atticorum
1197 914 1443 968 scriptorum
1465 927 1597 967 genus
1619 914 1788 957 dicendi

128 994 326 1024 reuocare
359 982 510 1035 uoluit;
553 982 594 1023 id
635 983 746 1035 quod
788 996 868 1025 non
900 983 1112 1037 uitupero,
1152 982 1228 1024 sed
1258 985 1483 1034 antequam
1517 983 1610 1024 libri
1643 997 1786 1025 manu-

129 1050 272 1104 scripti
305 1049 470 1091 excussi
503 1056 642 1092 essent
673 1049 725 1092 de
749 1050 825 1092 hoc
846 1050 949 1091 nihil
982 1050 1149 1092 decerni
1181 1063 1305 1104 posse
1336 1049 1442 1091 dico.
1503 1049 1685 1102 denique
1718 1050 1786 1092 ho-

128 1118 242 1159 noris
273 1130 397 1158 causa
424 1117 659 1159 Friderieus
681 1117 933 1160 Ritschelius
963 1118 1242 1160 nominandus
1275 1122 1348 1170 est,
1382 1118 1452 1170 qui
1479 1131 1571 1159 cum
1594 1118 1649 1159 ad
1671 1131 1788 1160 sena-

130 1191 195 1227 tus
235 1185 427 1226 consulta
463 1185 632 1237 aliaque
671 1184 839 1227 decreta
869 1199 895 1227 a
924 1185 1104 1239 Iosepho
1144 1184 1299 1227 tradita
1337 1187 1521 1227 animum
1554 1185 1789 1227 attenderet

129 1251 362 1304 intellexit,
401 1265 526 1304 quam
559 1257 670 1294 esset
701 1252 984 1295 desideranda
1013 1266 1121 1295 noua
1152 1253 1320 1307 Iosephi
1352 1254 1558 1306 recensio,
1599 1253 1789 1295 codicum

129 1319 330 1363 lectiones
353 1320 523 1373 collegit
543 1319 970 1374 Mendelssohnioque
991 1326 1136 1363 auctor
1157 1321 1246 1374 fuit,
1278 1326 1322 1362 ut
1349 1320 1519 1363 decreta
1540 1321 1613 1362 illa
1645 1320 1790 1363 ederet

131 1393 173 1430 et
203 1387 502 1429 commentario
533 1388 814 1440 illust1·aret.2)

244 1454 405 1496 Eodem
437 1456 524 1496 fere
556 1459 743 1509 tempore
775 1469 851 1510 ego
883 1469 1009 1498 suasu
1040 1455 1203 1499 Alfredi
1243 1455 1296 1498 de
1328 1455 1576 1498 Gutscbmid
1616 1455 1671 1496 ad
1703 1455 1788 1497 edi-

132 1523 287 1565 tionem
327 1521 494 1576 Iosephi
535 1521 768 1576 parandam
808 1523 986 1576 accessi,
1026 1523 1137 1576 quod
1178 1527 1222 1564 ut
1260 1523 1501 1578 perficerem
1542 1523 1641 1564 anni
1684 1525 1788 1564 1873

131 1595 331 1632 autumno
371 1589 411 1630 in
450 1590 618 1632 Italiam
659 1591 870 1644 profectus
912 1604 1003 1632 sum
1047 1596 1087 1632 et
1127 1590 1281 1633 exinde
1320 1605 1395 1645 per
1434 1591 1537 1633 duos
1577 1604 1709 1632 annos
1750 1594 1791 1632 et

133 1657 353 1700 dimidium
387 1657 665 1700 bibliothecas
686 1658 856 1700 Italicas
887 1663 928 1700 et
958 1658 1195 1700 Parisinam
1227 1657 1314 1700 adii
1345 1657 1597 1710 codicesque
1630 1658 1700 1710 qui
1732 1657 1790 1700 ibi

134 1730 253 1768 erant
281 1725 448 1768 contuli.
491 1725 656 1768 codices
678 1725 1025 1768 Vindobonenses
1046 1725 1331 1768 Oxoniensem
1352 1725 1605 1768 Leidensem
1625 1725 1790 1768 Wizen-

132 1793 385 1847 burgensem
407 1796 556 1847 postea
578 1793 805 1847 Gottingae
826 1793 1042 1847 Mai-burgi
1064 1798 1105 1835 et
1127 1793 1421 1846 Vratislauiae,
1445 1805 1527 1846 quo
1550 1792 1653 1835 mihi
1674 1792 1791 1835 missi

131 1866 238 1913 sunt,
270 1860 404 1913 exegi.
462 1860 547 1902 alia
577 1860 790 1914 suppleuit
820 1861 1048 1903 amicorum
1081 1862 1399 1915 beneuolentia,
1430 1866 1476 1903 ut
1505 1874 1615 1904 nunc
1646 1873 1790 1903 omnes

133 1927 299 1971 codices
319 1940 493 1981 graecos
521 1927 592 1980 qui
615 1931 760 1970 extant
780 1928 949 1971 nouisse
970 1942 1140 1984 eosque,
1171 1930 1242 1983 qui
1266 1928 1443 1970 alieuius
1464 1933 1559 1971 sunt
1580 1929 1791 1982 momenti,

135 1994 361 2038 contulisse
401 1994 558 2037 uidear.
621 1995 773 2048 quibus
810 2008 909 2038 usus
940 1997 1140 2039 subsidiis
1170 2011 1324 2040 nouam
1356 1997 1423 2050 egi
1452 1996 1621 2052 Iosephi
1651 2010 1790 2039 recen-

130 2063 305 2116 sionem,
337 2063 403 2105 cui
432 2063 474 2105 in
496 2063 779 2106 adnotationis
800 2064 893 2106 loco
920 2064 1078 2108 subieci
1101 2078 1153 2107 ea
1174 2077 1283 2118 quae
1303 2064 1470 2107 codices
1491 2065 1614 2107 aliter
1636 2065 1793 2106 habent

131 2135 258 2183 atque
299 2143 376 2184 ego
416 2130 528 2173 dedi.
590 2132 667 2174 hoe
706 2145 804 2174 uero
836 2132 1100 2186 potissimum
1139 2133 1227 2186 egi,
1266 2137 1312 2175 ut
1349 2131 1394 2174 id
1424 2132 1616 2174 codicum
1645 2146 1791 2187 genus,

133 2197 247 2251 quod
276 2198 426 2240 melius
458 2211 551 2241 esse
583 2211 875 2253 eognoueram,
907 2200 1025 2243 cuius
1056 2200 1303 2255 superstites
1334 2205 1430 2244 sunt
1460 2201 1557 2243 libri
1586 2199 1674 2254 ΒΟ,
1706 2213 1792 2241 ma·

130 2265 243 2307 xime
276 2266 566 2319 exprimerem.
626 2266 753 2309 etiam
784 2267 827 2310 in
866 2268 975 2310 crasi
1013 2268 1237 2324 aphaeresi
1275 2269 1455 2322 aliisque
1494 2269 1619 2311 rebus
1660 2267 1790 2310 minu-

131 2333 306 2376 tioribus
336 2333 413 2376 hos
444 2333 609 2377 codices
640 2338 808 2378 secutus
839 2348 943 2390 sum,
979 2336 1039 2378 ita
1072 2340 1224 2390 tamen,
1255 2341 1301 2379 ut
1329 2337 1585 2380 Marcianum
1616 2335 1695 2389 (M)
1727 2347 1789 2376 se-

132 2413 294 2454 querer,
325 2401 460 2444 sicubi
480 2406 552 2444 aut
572 2402 687 2444 solus
708 2406 782 2445 aut
803 2416 897 2445 cum
918 2404 953 2445 L
973 2404 1111 2446 crasin
1135 2410 1176 2446 et
1197 2404 1447 2458 aphaeresin
1478 2403 1665 2459 praebet,
1697 2416 1791 2445 eum

131 2468 235 2511 talia
274 2482 402 2524 saepe
434 2468 569 2512 codex
610 2469 683 2513 ille
719 2470 944 2525 diligenter
983 2484 1036 2513 ex
1067 2471 1302 2526 antiquiore
1334 2471 1569 2525 exemplari
1600 2484 1791 2513 seruasse

131 2536 338 2579 uideatur.
392 2541 576 2578 ceterum
607 2550 691 2579 non
724 2550 837 2580 eram
858 2539 1024 2581 nescius
1046 2539 1217 2582 minime
1238 2539 1405 2582 codices
1428 2539 1499 2581 ΒΟ
1530 2539 1791 2593 incorruptos

132 2617 225 2646 esse
264 2604 434 2659 Iosephi
473 2605 696 2647 uerborum
737 2609 887 2659 testes,
925 2612 968 2648 et
1007 2608 1140 2649 multa
1177 2607 1220 2649 in
1260 2607 1432 2649 alterius
1470 2606 1634 2659 generis
1674 2607 1791 2649 libris

132 2671 281 2714 melius
318 2671 474 2713 tradita
515 2685 608 2715 esse
648 2677 689 2714 et
727 2673 862 2728 magis
900 2674 1080 2728 placere.
1142 2688 1271 2728 quare
1311 2687 1613 2728 saepenumero
1653 2678 1791 2717 utrum

133 2738 337 2793 Iosephus
368 2739 580 2793 scripserit
611 2740 793 2783 dubitari
824 2745 984 2796 potest,
1024 2748 1064 2784 et
1095 2742 1258 2784 diutina
1288 2741 1532 2794 quaestione
1563 2755 1668 2796 opus
1701 2743 1790 2796 erit,

132 2808 178 2847 ut
216 2805 390 2849 dubium
429 2807 614 2849 tollatur.
673 2807 751 2850 sed
779 2808 815 2850 si
846 2815 1072 2863 expectare
1111 2810 1359 2861 noluissem,
1400 2808 1500 2851 dum
1532 2823 1678 2853 omnes
1709 2811 1791 2853 loci

249 2964 278 3001 1)
302 2964 490 3005 praetereo
516 2963 610 2998 enim
634 2963 825 2999 editionem
851 2964 1178 2999 Tauehnitzianum
1202 2975 1296 3000 anno
1320 2943 1407 3000 *1851
1435 2966 1609 3002 emissam.

247 3018 279 3055 2)
305 3016 378 3051 uid.
404 3018 568 3053 Museum
593 3019 708 3054 Rhen.
733 3019 889 3054 XXVIII
912 3032 946 3065 p.
974 3022 1037 3054 58ss
1048 3031 1121 3064 sqq.
