2170 3475
337 243 491 279 XLVIII
1068 235 1264 272 Praefatio.

336 359 414 400 τοῦ
434 352 834 426 προᾳιτεὺσαιτος
845 355 908 392 ειι
913 367 979 402 αι
1010 348 1066 391 τὰ
1090 349 1136 392 ὁὲ
1167 345 1482 405 ιῦμοὶογνμένα
1512 351 1670 403 κρίνων
1702 342 1860 405 ἇνόρὸς
1892 344 2002 405 ἄγα-

336 427 425 467 θοῖ·
455 424 526 465 καὶ
559 422 748 471 ὄικαίοι,
780 435 859 460 και
890 415 913 473 ἦ
949 415 1199 471 σκυθρωπὰ
1230 415 1284 458 τὰ
1305 417 1522 470 με’)Ιωοιτα
1553 409 1692 465 οὕτως
1723 415 1876 470 ἔκρινε.
1927 417 2002 460 ubi

336 507 419 535 non
449 490 555 543 fugit
584 487 766 530 Pa1isini
795 485 1013 528 librarium
1045 485 1195 527 ultima
1227 485 1358 526 uelba
1389 488 1585 538 corrupta
1616 497 1729 537 esse,
1761 498 1856 527 cum
1886 485 1998 528 desit

335 559 531 610 uerbum,
572 569 654 610 quo
693 552 748 596 τὰ
789 550 1105 609 ιδμολιηηιιέια
1135 551 1361 606 referatur3
1401 565 1500 594 nam
1531 551 1621 594 sine
1660 551 1789 594 dubio
1829 551 1998 595 dixerat

334 625 537 680 Iosephus
568 635 713 676 regem
736 621 816 665 uiri
847 621 946 664 boni
977 623 1018 663 et
1047 619 1147 663 iusti
1179 620 1447 662 existimasse
1467 619 1597 662 fidem
1628 631 1800 662 seruare
1831 623 1874 661 et
1902 633 1996 675 pro·

335 695 463 736 missa
492 692 643 734 facere.
705 694 892 733 ceterum
924 689 1030 731 haec
1059 687 1268 731 sententia
1299 687 1408 729 bene
1443 700 1489 730 se
1527 687 1658 729 habet
1688 687 1881 740 quamuis
1911 701 1997 731 non

334 762 393 803 ita
441 760 576 802 facilis
613 758 844 801 intellectu.
904 757 991 799 iam
1030 769 1129 798 uero
1170 760 1379 798 corrector
1422 755 1564 797 omnia
1603 754 1757 798 menda
1795 755 2000 798 radicitus

334 830 484 872 tollere
520 825 700 878 studuit3
741 825 922 880 primum
962 824 1072 867 enim
1111 827 1207 878 post
1245 824 1461 878 762'0518'2'19
1500 822 1676 866 inseruit
1719 824 1784 878 τῷ
1811 821 1998 879 Δανιὴλ,

334 895 489 939 deinde
531 893 707 946 antiqua
750 893 958 946 scriptura
1003 904 1125 934 erasa
1155 891 1344 946 reposuit
1379 891 1503 933 haec:
1551 885 1663 932 ἀλλὰ
1697 890 1848 941 πάσας
1878 906 1998 947 παρ-

336 968 506 1017 «ἔσχετο
549 959 625 1017 τὴν
664 960 743 1014 ιιὲι
785 955 1079 1016 ιτεικιμιειιι
1125 961 1201 1015 τῆς
1245 959 1477 1012 βασιλείας
1512 961 1777 1014 καθαίρεσιν
1810 960 1887 1015 τῆς
1917 974 2000 1001 πε-

335 1033 569 1086 πρωιιένῃς
600 1023 786 1084 &20277159
817 1022 914 1069 ἀλλ’
961 1022 1054 1079 οἶχὶ
1085 1028 1162 1068 τοῦ
1194 1025 1587 1082 προφιτείησαιτος
1618 1023 1733 1069 εἶναι
1764 1025 2000 1082 λογισάμε-

334 1115 419 1150 τος,
452 1096 528 1154 τῂν
562 1096 606 1139 δὲ
638 1097 727 1138 τιῦι
759 1094 1091 1152 {ficmmyehoe'zmv
1123 1093 1179 1136 ἐκ
1174 1090 1400 1150 ‘520'1910012
1430 1110 1588 1149 κριιωι
1621 1089 1782 1149 ανὸρός
1823 1089 1998 1150 ἀγαθοῦ

333 1168 404 1209 καὶ
439 1166 631 1216 δικαίου,
664 1168 875 1220 postremo
909 1163 1047 1217 ἔκρινε
1079 1162 1251 1204 deleuit.
1311 1167 1353 1204 et
1384 1162 1660 1205 memorabile
1692 1165 1770 1217 est,
1800 1162 1861 1204 ita
1891 1162 1998 1206 haec

334 1232 554 1277 Dindorfio
584 1232 810 1288 placuisse,
841 1235 886 1272 ut
917 1244 968 1273 ea
988 1230 1031 1271 in
1052 1233 1214 1272 textum
1237 1230 1456 1283 reciperet,
1488 1230 1599 1272 unde
1622 1230 1750 1273 etiam
1774 1230 1997 1273 Bekkerus

333 1303 375 1345 in
414 1315 534 1345 suam
573 1299 802 1343 editionem
840 1299 1067 1340 transtulit.
1120 1302 1162 1340 et
1199 1310 1245 1339 re
1283 1310 1385 1339 uera
1423 1297 1566 1352 lepide
1605 1303 1704 1340 sunt
1743 1298 1999 1352 excogitata,

334 1383 482 1413 uerum
512 1375 654 1411 tamen
684 1380 759 1422 pro
781 1364 1001 1408 Flauianis
1031 1364 1180 1407 haberi
1210 1378 1293 1407 non
1323 1371 1519 1419 possunt3
1553 1378 1683 1418 quare
1705 1379 1782 1419 ego
1805 1366 1999 1409 codicum

335 1438 466 1480 uerba
497 1435 671 1479 restitui.
703 1448 754 1477 ac
785 1433 936 1478 docent
966 1432 1085 1486 haec,
1119 1445 1201 1486 quo
1232 1432 1486 1487 processerit
1514 1434 1558 1475 in
1587 1433 1707 1476 libr1s
1738 1433 1999 1487 corrigendis

334 1506 599 1548 librariorum
621 1502 812 1546 audacia.
845 1506 1010 1544 ceterae
1041 1501 1085 1543 in
1108 1500 1173 1542 SP
1195 1505 1458 1543 correcturae
1488 1500 1651 1555 primae
1681 1505 1754 1544 aut
1784 1501 1998 1544 secundae

336 1586 484 1615 manus
522 1572 728 1627 plurimae
765 1569 920 1611 nullius
961 1574 1057 1610 sunt
1087 1568 1306 1621 momenti,
1355 1581 1433 1610 nec
1470 1580 1579 1621 quae
1618 1568 1662 1610 in
1691 1569 1725 1610 P
1757 1568 1999 1612 emendauit

336 1653 484 1683 manus
514 1640 638 1682 tertia
668 1637 826 1680 saeculi
855 1637 942 1678 fere
973 1636 1072 1689 XV3
1107 1634 1427 1679 memorandum
1449 1649 1551 1679 uero
1584 1640 1669 1691 est,
1700 1637 1889 1680 eiusdem
1910 1637 1999 1680 fere

335 1708 536 1762 temporis
567 1710 843 1749 correctorem
873 1706 915 1747 in
939 1703 968 1746 S
990 1704 1119 1757 (man.
1145 1704 1187 1758 3)
1220 1718 1274 1746 ex
1297 1705 1483 1759 epitoma
1505 1705 1717 1758 quaedam
1746 1705 1951 1748 intulisse.
1970 1708 1998 1755 ¹)

450 1776 717 1828 Singularem
748 1774 856 1815 inter
887 1771 1053 1815 codices
1085 1772 1253 1828 losephi
1294 1773 1433 1815 locum
1470 1772 1660 1815 obtinent
1691 1773 1999 1816 Laurentianus

336 1845 438 1899 plut.
471 1847 535 1885 UO.
567 1841 660 1885 cod.
693 1843 744 1883 20
776 1839 854 1894 (L)
896 1845 937 1882 et
966 1840 1195 1882 Vaticanus
1234 1843 1305 1881 147
1341 1839 1427 1895 (l')
1459 1841 1530 1894 qui
1561 1840 1732 1893 quidem
1772 1841 1908 1883 minus
1938 1842 1997 1884 fa-

335 1913 450 1954 ciunt
488 1911 542 1953 ad
573 1909 743 1964 Iosephi
781 1909 912 1951 uerba
951 1907 1236 1962 emendanda,
1281 1920 1407 1961 quam
1451 1908 1507 1950 ad
1538 1914 1772 1951 ceterorum
1803 1907 1996 1951 codicum

336 1980 522 2022 indolem
555 1985 596 2020 et
626 1978 830 2031 originem
862 1975 1209 2031 cognoscendam.
1262 1980 1359 2018 sunt
1389 1976 1429 2017 ei
1460 1975 1789 2019 coniunctissimi
1819 1989 1913 2019 cum
1941 1976 1997 2030 M,

335 2060 464 2102 saepe
504 2047 631 2089 etiam
676 2059 769 2087 cum
803 2044 875 2086 RO
912 2045 1091 2098 faciunt,
1139 2043 1283 2086 multis
1330 2043 1510 2096 denique
1553 2044 1657 2086 locis
1700 2057 1752 2087 ea
1800 2044 1998 2099 referunt,

337 2127 446 2167 quae
485 2112 550 2155 ΞΡ
582 2114 738 2156 habent
782 2113 907 2154 ambo
952 2113 1140 2166 alterne,
1186 2117 1232 2154 ut
1276 2112 1461 2154 medium
1505 2112 1615 2154 inter
1654 2124 1798 2155 omnes
1829 2124 1998 2154 cursum

336 2181 520 2224 tenuisse
551 2181 785 2223 uideantur.
818 2186 858 2222 et
889 2186 932 2222 ut
956 2181 991 2222 R
1023 2186 1064 2223 et
1086 2180 1135 2233 O,
1167 2180 1196 2222 S
1230 2185 1270 2222 et
1299 2180 1346 2234 P,
1379 2180 1439 2222 sic
1461 2180 1494 2221 L
1526 2184 1568 2222 et
1588 2180 1623 2222 V
1655 2180 1906 2234 plerumque
1936 2179 1999 2221 ita

336 2249 613 2302 concordant,
653 2253 698 2290 ut
729 2261 780 2289 ex
811 2262 891 2290 uno
923 2249 1157 2302 antiquiore
1196 2248 1303 2290 libro
1335 2253 1558 2302 utrumque
1588 2248 1765 2303 petitum
1795 2260 1889 2290 esse
1927 2260 2000 2303 ap·

335 2323 495 2371 pareat.
535 2317 665 2359 multo
697 2321 837 2358 autem
868 2317 1016 2358 melior
1047 2321 1109 2359 est
1139 2317 1172 2358 L
1205 2320 1247 2359 et
1277 2315 1332 2358 ad
1368 2315 1704 2369 cognoscendam
1744 2328 1887 2357 eorum
1917 2314 1998 2357 ori-

335 2384 476 2437 ginem
507 2389 549 2426 et
579 2384 775 2426 uirtutem
808 2383 969 2436 utilior,
1016 2398 1109 2426 cum
1148 2383 1370 2438 archetypi
1411 2398 1492 2427 non
1532 2382 1658 2426 modo
1689 2387 1873 2437 textum,
1919 2382 1998 2426 sed

337 2453 463 2494 ctiam
496 2451 727 2505 marginem
758 2452 1078 2505 transcripserit.
1125 2465 1174 2494 ac
1213 2451 1393 2506 primum
1435 2450 1490 2493 ad
1522 2463 1616 2493 eum
1656 2451 1795 2494 locum
1827 2450 1924 2494 libri
1954 2451 1996 2493 X
2056 2506 2061 2511 .

337 2519 379 2572 (ξ
420 2520 483 2572 IS)
515 2533 581 2561 mc
613 2525 832 2573 conuerto,
864 2533 986 2573 quem
1019 2533 1145 2573 supra
1176 2520 1263 2561 dixi
1296 2519 1337 2561 in
1369 2520 1434 2561 sP
1466 2519 1526 2561 ita
1557 2519 1855 2573 interpolatum
1888 2531 1995 2574 esse,

337 2593 382 2629 ut
413 2601 465 2629 cx
487 2588 703 2631 Herodoto
735 2589 886 2630 lacuna
917 2587 1086 2641 expleta
1116 2587 1188 2640 sit;
1223 2587 1293 2629 ubi
1325 2601 1418 2629 cum
1450 2587 1598 2629 eadem
1631 2587 1672 2628 in
1695 2587 1767 2628 LV
1799 2587 1996 2642 legantur

336 2661 465 2707 atque
497 2655 534 2696 in
559 2655 638 2710 SP,
670 2668 917 2698 consensum
940 2667 1081 2697 eorum
1104 2654 1145 2695 in
1168 2668 1212 2697 re
1233 2655 1486 2708 grauissima
1507 2655 1724 2697 habemus.
1756 2653 1833 2696 sed
1854 2652 1994 2696 eidem

336 2723 480 2777 paullo
512 2723 621 2765 infra
651 2722 923 2774 dissentiunt3
965 2735 1062 2763 nam
1094 2721 1135 2762 in
1167 2722 1230 2763 SP
1262 2728 1308 2764 ut
1337 2723 1378 2764 in
1410 2722 1506 2764 aliis
1537 2728 1600 2766 est
1629 2723 1654 2774 ξ
1690 2723 1736 2762 19
1770 2721 1996 2764 πλανᾶται

335 2787 417 2844 γὰρ
457 2790 534 2830 κᾶν
578 2789 718 2845 τούτῳ
759 2785 834 2832 σι’-κ
887 2786 1118 2842 ‘leoz-(Am
1156 2789 1288 2842 λέγων
1321 2788 1396 2831 τὸν
1426 2791 1614 2843 βασιλέα
1646 2783 1744 2831 ἀλλ’
1779 2784 1993 2843 ξίράβων,

335 2857 412 2900 scd
435 2857 474 2898 in
497 2857 586 2899 LV:
619 2858 840 2900 πλανᾶται
871 2855 953 2912 γὰρ
984 2852 1062 2898 κάν
1084 2873 1100 2898 ἰ
1113 2855 1225 2911 σι’ϊῳ
1248 2858 1316 2899 καὶ
1340 2854 1586 2914 Ἀσσυρίων
1612 2858 1746 2913 λέγων
1767 2855 1844 2899 τὸν
1862 2860 1995 2911 βασι-

452 3004 482 3044 1)
507 3001 606 3037 uclut
631 3002 678 3037 Vl
706 3005 767 3037 255
794 3006 842 3048 (p.
869 3006 924 3046 (iss,
950 3005 1004 3044 22)
1038 3001 1184 3048 ψει-δέοι
1211 3002 1305 3046 quod
1331 3002 1439 3037 habet
1465 3003 1496 3036 E
1521 3014 1564 3037 ox
1592 3006 1741 3048 ψει-ιῖε-ἲσ
1767 3003 1902 3039 factum
1927 3005 1995 3039 est.
