2170 3475
374 220 509 255 LXXX
1108 213 1303 249 Praefatio.

430 333 561 388 suppl.
587 331 653 373 uel
685 329 777 369 add.
801 329 984 383 positum
1025 333 1109 382 est,
1151 327 1186 369 si
1227 326 1330 382 quid
1360 326 1494 382 primo
1526 327 1727 371 omissum
1758 328 1912 373 deinde
1942 344 2039 386 sup-

515 400 674 454 pletum
706 401 780 439 est.

432 475 483 508 tr.
506 485 561 498 =
582 463 817 518 transponit
847 466 1138 517 transponunt.

435 548 470 574 ιι.
492 552 547 566 --
568 543 725 574 uersus.

434 601 511 641 uid.
533 619 587 632 =
608 597 785 641 uidetur.

434 668 438 719 1
463 687 517 700 =
537 665 632 708 finis
663 678 822 708 uersus.

432 736 442 787 {f
462 754 517 768 =
538 733 633 776 finis
664 733 857 788 paginae.

375 825 567 879 utigitur
589 824 786 877 exemplo
808 822 954 865 addito
978 835 1029 865 ea
1060 835 1167 875 quae
1200 821 1289 863 dixi
1321 822 1560 876 explanem,
1593 823 1629 864 si
1659 823 1702 865 in
1732 823 1841 866 notis
1873 824 2044 878 legitur:

376 891 505 947 ,,τιῦν]
539 890 594 933 τὰ
620 892 675 944 Μ,
707 904 740 933 s,
764 891 807 945 S,
839 905 920 933 om.
942 888 1003 933 P“
1034 891 1234 943 intellege
1264 890 1307 931 in
1339 888 1413 931 ΒΟ
1445 896 1517 932 aut
1548 890 1589 931 ln
1620 889 1769 933 ROLV
1799 891 2046 945 pluribusue

377 963 412 1004 si
442 962 585 1016 plures
617 963 749 1002 testes
779 958 984 1013 adscripti
1014 962 1122 1009 sunt,
1154 962 1299 999 extare
1330 958 1436 1007 τῶν,
1469 957 1512 998 in
1538 958 1581 999 M
1611 956 1679 1012 τὰ,
1710 959 1752 1000 in
1785 959 1814 1001 S
1845 960 1931 1000 τῶν
1961 973 2045 1003 non

377 1031 419 1072 in
452 1042 574 1072 uersu
596 1026 672 1070 sed
703 1039 830 1081 supra
851 1026 1063 1081 seriptum,
1095 1026 1138 1067 in
1159 1026 1192 1067 P
1226 1026 1330 1067 nihil
1353 1039 1402 1068 eo
1435 1025 1526 1068 loco
1551 1025 1648 1078 legi,
1680 1026 1862 1080 denique
1883 1026 1937 1069 de
1960 1028 2044 1082 epi-

377 1103 491 1141 toma
530 1096 635 1138 nihil
675 1100 879 1137 constare.
949 1094 1013 1136 sin
1043 1093 1292 1136 adnotatum
1333 1094 1530 1136 habebis:
1564 1091 1633 1144 ’,β’
1645 1089 1804 1150 ἄλλων]
1839 1090 1981 1136 ἄλλω·
2010 1093 2045 1138 O

380 1175 381 1195 1
407 1181 426 1203 >:<
449 1181 468 1203 ²2<
491 1181 511 1202 τῇ
534 1181 591 1205 ων
613 1163 651 1205 R
673 1159 830 1213 ἄλλων,
864 1179 885 1203 ν
908 1175 961 1204 ex
984 1176 1010 1203 σ
1031 1175 1134 1204 corr.
1157 1162 1241 1215 P“,
1273 1162 1383 1205 scias
1404 1163 1447 1204 in
1468 1161 1542 1204 MS
1570 1162 1815 1216 pluribusue
1843 1175 1937 1205 cum
1958 1163 2048 1217 epi-

378 1240 491 1276 toma
513 1245 606 1274 esse
638 1226 795 1281 ἄλλων,
826 1230 869 1272 in
891 1228 925 1272 O
959 1225 1078 1270 ἄλλω
1110 1235 1152 1271 et
1182 1234 1277 1283 post
1301 1246 1333 1270 ω
1365 1243 1491 1272 unam
1522 1230 1706 1273 litteram
1737 1243 1915 1284 erasam,
1946 1231 1983 1274 R
2004 1230 2048 1273 in

377 1301 496 1343 initio
527 1312 675 1342 uersus
707 1299 831 1340 trium
862 1298 1164 1340 elementorum
1194 1297 1398 1339 iacturam
1428 1298 1580 1340 fecisse
1603 1303 1643 1341 et
1665 1298 1801 1340 solum
1825 1314 1883 1340 ων
1904 1311 2047 1354 super-

379 1381 484 1421 esse,
516 1368 559 1409 in
580 1367 613 1408 P
646 1367 828 1419 denique
859 1361 1004 1407 ἑὶλλων
1037 1370 1182 1408 extare
1213 1365 1286 1416 ita,
1319 1368 1363 1407 ut
1396 1381 1415 1406 ν
1447 1379 1500 1406 ex
1527 1380 1552 1407 σ
1574 1379 1700 1408 manu
1722 1366 1858 1421 prima
1889 1379 2048 1410 eorrec-

378 1442 464 1478 tum
495 1435 560 1478 sit.

494 1503 755 1557 Scriptorum
786 1501 1028 1544 testimonia
1059 1505 1100 1544 et
1130 1501 1246 1543 locos
1277 1500 1332 1542 ad
1365 1514 1508 1543 eorum
1532 1502 1836 1556 exemplarium
1858 1513 2049 1543 normam

380 1571 492 1625 dedi,
525 1570 676 1624 quibus
708 1570 834 1624 uulgo
856 1569 916 1611 uti
943 1569 1140 1612 solemus.
1193 1568 1388 1611 Chronici
1419 1569 1632 1623 paschalis
1655 1569 1844 1624 Syncelli
1868 1568 2050 1612 Cedreni

380 1637 620 1693 Zonarae1)
654 1638 815 1692 Glycae
847 1641 1014 1680 secutus
1045 1649 1136 1678 sum
1170 1635 1397 1679 editionem
1427 1636 1693 1680 Bonnensem
1733 1637 1918 1692 corporis
1949 1636 2049 1679 scri-

380 1712 547 1762 ptorum
578 1706 781 1749 historiae
802 1705 1073 1760 Byzantiuae.
1126 1703 1383 1747 Theodoreti
1412 1704 1806 1748 commentariorum
1837 1717 1931 1747 eam
1963 1703 2050 1747 edi·

382 1776 537 1818 tionem
568 1774 753 1828 laudaui,
785 1786 894 1827 quae
924 1773 1098 1815 Parisiis
1130 1771 1285 1827 prodiit
1315 1786 1424 1814 anno
1464 1775 1567 1813 1642
1600 1773 1642 1814 in
1672 1773 1758 1826 fol,
1780 1772 2050 1815 Eustathium

382 1843 692 1886 Antiochenum
725 1855 777 1884 ex
809 1841 1054 1884 recensione
1085 1840 1238 1883 Leonis
1269 1839 1415 1882 Allatii
1447 1839 1586 1882 editae
1618 1840 1813 1892 Lugduni
1849 1842 1967 1882 1629.

497 1912 725 1964 Postquam
756 1910 885 1963 longa
915 1907 1188 1964 praefationis
1224 1907 1363 1962 spatia
1402 1921 1596 1950 emensus
1635 1921 1747 1961 sum,
1788 1921 1915 1950 unum
1955 1908 2049 1950 reli-

385 1991 512 2030 quum
544 1983 618 2031 est,
651 1984 695 2019 ut
725 1978 874 2020 faustis
905 1976 1114 2020 ominibus
1145 1976 1250 2018 haec
1281 1974 1496 2017 uolumina
1520 1988 1763 2029 prosequar,
1796 1988 1905 2028 quae
1927 1988 2050 2030 spero

384 2047 473 2089 fore
504 2051 548 2088 ut
579 2046 796 2088 doctorum
828 2046 1010 2088 uirorum
1037 2044 1129 2086 usui
1160 2042 1393 2086 inseruiant
1415 2046 1456 2084 et
1481 2043 1630 2096 plausu
1653 2042 1781 2097 digna
1803 2043 2050 2086 habeantur.

504 2173 531 2211 l)
557 2170 676 2204 crraui
712 2170 807 2213 quod
832 2169 914 2203 inde
940 2180 961 2203 a
986 2168 1047 2202 lib.
1074 2167 1141 2202 VII
1166 2166 1316 2202 laudaui
1342 2166 1520 2201 Zonaram
1547 2165 1597 2208 II;
1624 2176 1705 2200 nam
1732 2166 1863 2210 ubique
1889 2167 2050 2202 scriben-

384 2227 468 2260 dum
501 2229 579 2261 erat
604 2227 765 2261 Zonaras
792 2226 818 2260 1.
844 2236 923 2260 cum
949 2225 1173 2261 uoluminum
1197 2234 1268 2258 non
1294 2223 1464 2257 librormn
1491 2233 1577 2266 quos
1599 2223 1755 2258 editores
1775 2222 1939 2258 fecerunt
1957 2223 2051 2258 ratio

385 2283 553 2317 habenda
579 2283 634 2318 sit.
