2160 3439
325 168 405 205 164
642 138 645 141 ¹
823 164 984 209 ANTIQ.
1010 165 1107 201 mn.
1133 166 1187 201 111
1211 168 1343 201 27—33
1368 168 1391 208 (ι
1409 172 1436 198 s.
1453 169 1485 209 τ)

322 280 524 334 μίζοντος
563 281 781 335 νίφεσθαι
826 279 898 321 καὶ
939 280 1016 335 τῆς
1056 273 1173 334 ὥρας
1213 277 1327 322 εἶναι
1364 281 1442 322 τοῦ
1480 278 1604 329 ἔτους
1642 277 1692 321 τὸ
1739 278 1981 334 γινόμενον,

324 343 604 390 ἀνεδίδασκεν
635 341 684 388 οὗ
713 344 826 388 κατὰ
856 344 934 402 τὴν
965 344 1140 389 ἐκείνων
1168 343 1399 404 ὑπόληψιν
1422 342 1505 388 ἀπ’
1533 341 1722 402 οὐρανοῦ
1741 348 1986 403 καταφέρε-

324 417 438 457 σθαι
467 413 545 469 τὴν
579 413 750 469 δρόσον,
784 408 884 455 ἀλλ’
921 412 997 457 ἐπὶ
1029 418 1225 472 σωτηρίᾳ
1253 417 1305 472 τῇ
1346 410 1487 457 αὐτῶν
1517 416 1589 457 καὶ
1633 415 1872 493 διατροφῆ,
1911 415 1986 456 καὶ

254 486 306 526 28
324 484 577 538 γευομένοις
606 483 735 524 τοῦτο
769 477 919 532 αυτοῖς
949 491 1133 538 παρεῖχε
1164 482 1404 525 πιστεύειν.
1464 482 1507 525 οἱ
1539 482 1586 525 δὲ
1615 498 1880 536 μιιιουμενοι
1908 480 1986 525 τὸν

323 548 564 607 στρατηγὸν
595 544 753 607 ἥδοντο
784 552 848 606 τεῦ
886 549 1114 606 βρώματι·
1155 551 1302 604 μέλιτι
1339 550 1421 607 γὰρ
1451 548 1503 606 ἠν
1533 550 1612 607 τὴν
1642 549 1884 607 γλυκύτητα
1912 550 1987 592 καὶ

321 617 400 673 τὴν
439 615 600 675 ἡδονὴν
632 617 837 676 εμφερές,
879 613 1034 672 όμοιον
1074 617 1121 660 δὲ
1151 620 1204 674 τῇ
1234 620 1321 660 τῶν
1359 613 1605 674 ἀρωμάτων
1634 618 1815 675 βδέλλῃ,
1855 615 1905 660 τὸ
1938 615 1986 659 δὲ

320 689 510 742 μέγεθος
551 688 614 742 τῷ
652 686 881 741 κοριάννου
922 688 1167 741 σπέρματι·
1206 686 1280 727 καὶ
1319 686 1424 741 περὶ
1464 684 1677 742 συλλογὴν
1714 687 1812 729 λίαν
1854 680 1988 728 αὐτοῦ

255 756 306 795 29
325 753 669 797 εσπουδάκεσαν.
728 754 1055 837 παρηγγέλλετο
1086 748 1127 795 6
1164 752 1212 803 εξ
1240 752 1339 796 ἰ’σου
1379 755 1519 796 πᾶσιν
1559 748 1817 810 ἆσσαριῦνα,
1857 754 1986 796 τοῦτο

323 818 365 864 6
393 822 487 865 εστὶ
517 825 687 878 μέτρον,
722 821 785 873 εἷς
816 821 1000 880 ἑκάστην
1031 818 1198 879 ἡμέραν
1231 821 1453 876 συλλέγειν
1484 817 1544 871 ὥς
1575 816 1652 864 οἰκ
1673 820 1988 877 ἐπιλείψοντος

324 886 474 941 αυτοῖς
502 893 582 933 τοῦ
619 889 874 946 βρώματος,
914 890 988 932 ι’να
1027 888 1084 946 μὴ
1117 897 1211 939 τοῖς
1251 884 1484 939 ἆδυνατοις
1521 885 1691 945 ἄπορον
1729 887 1754 946 ᾗ
1786 888 1835 933 τὸ
1878 890 1989 944 λαμ-

321 958 472 1014 βάνειν
504 953 567 1002 δι
594 953 729 1015 αλκὴν
758 961 846 1001 τῶν
878 957 1190 1013 δυνατωτέρων
1219 955 1597 1000 πλεονεκτούντων
1627 959 1732 1013 περὶ
1751 956 1830 1014 τὴν
1861 952 1988 1000 ἇναί-

256 1029 308 1069 30
326 1041 458 1082 ρεσιν.
518 1026 560 1069 οἱ
590 1029 742 1080 μέντοι
772 1027 910 1069 πλέον
939 1028 1018 1069 τοῦ
1052 1028 1434 1081 προστεταγμένου
1473 1027 1633 1081 μέτρου
1674 1024 1988 1081 συναγαγόντες

323 1094 450 1137 ουδὲν
480 1093 800 1151 περισσότερον
832 1092 947 1148 εἶχον
977 1096 1056 1137 τοῦ
1085 1095 1429 1150 κακοπαθῆσαι·
1463 1088 1720 1149 ἀσσαρῶνος
1749 1091 1831 1149 γὰρ
1863 1087 1988 1135 ουδὲν

323 1163 460 1205 πλέον
483 1156 702 1218 εὕρισκον·
733 1164 811 1205 τοῦ
833 1158 875 1205 6³
901 1160 1258 1220 ὑπολειφθέντος
1290 1161 1352 1212 εἷς
1372 1159 1449 1217 τὴν
1481 1159 1696 1203 επιοῦσαν
1717 1156 1868 1218 ὄνησις
1888 1154 1982 1203 οὐδ’

322 1226 420 1287 ἥτις
450 1248 501 1287 ην
533 1230 866 1287 διεφθαρμένου
896 1227 985 1273 υπό
1017 1246 1065 1273 τε
1096 1229 1329 1286 σκωλήκων
1360 1230 1432 1271 καὶ
1472 1232 1674 1284 πικρίας·
1716 1222 1830 1271 ου’τω
1859 1230 1989 1271 θεῖον

256 1302 303 1342 31
324 1297 376 1355 ἠν
406 1297 455 1342 τὸ
495 1300 653 1355 βρῶμα
691 1300 765 1342 καὶ
806 1298 1074 1355 παράδοξον.
1136 1294 1291 1353 αμύνει
1333 1297 1379 1340 δὲ
1409 1305 1503 1346 τοῖς
1532 1313 1694 1354 ταυτην
1733 1298 1990 1351 νεμομένοις

322 1366 401 1424 τὴν
440 1365 486 1410 ἐκ
513 1369 601 1410 τῶν
642 1363 786 1411 ἄλλων
828 1363 1042 1424 ἀπορίαν,
1084 1366 1150 1410 ἔτι
1182 1366 1228 1408 δὲ
1257 1367 1331 1408 καὶ
1363 1367 1436 1408 νῦν
1467 1360 1619 1423 [υεται]
1651 1367 1743 1414 πᾶς
1772 1363 1934 1415 ἐκεῖνος
1963 1360 1987 1406 ὃ

322 1434 475 1488 τόπος,
507 1434 716 1490 καθάπερ
746 1437 820 1478 καὶ
850 1435 951 1478 τότε
972 1438 1164 1477 Μωυσεῖ
1190 1433 1476 1490 χαριζόμενον
1496 1433 1546 1477 τὸ
1579 1437 1710 1477 θεῖον
1730 1435 1990 1488 κατέπεμψε

257 1506 309 1546 32
326 1503 403 1560 τὴν
444 1503 702 1561 διατροφήν.
761 1504 945 1546 καλοῦσι
985 1503 1032 1545 δὲ
1058 1500 1253 1558 Ἑβραῖοι
1290 1500 1339 1544 τὸ
1379 1503 1537 1557 βρῶμα
1566 1503 1694 1544 τοῦτο
1734 1500 1898 1555 μάννα·
1936 1498 1987 1543 τὸ

323 1571 406 1628 γὰρ
436 1571 524 1627 μάν
556 1570 830 1629 ἐπερώτησις
859 1569 970 1614 κατὰ
1004 1569 1083 1627 τὴν
1113 1568 1328 1628 ἡμετέραν
1360 1569 1609 1622 διάλεκτον,
1640 1572 1685 1611 τί
1713 1563 1835 1611 τοῦτ’
1872 1566 1991 1611 ἔστιν

325 1636 631 1696 ἀνακρίνουσα.
700 1641 772 1682 καὶ
813 1639 855 1682 οἱ
893 1656 972 1694 μεν
1006 1642 1235 1695 χαίροντες
1267 1638 1343 1681 ἐπὶ
1379 1646 1474 1688 τοῖς
1512 1632 1594 1680 απ’
1631 1632 1817 1693 ουρανοῦ
1855 1652 1991 1678 κατα-

324 1711 614 1790 πεμφθεῖσιν
639 1702 787 1758 αυτοῖς
819 1707 1053 1786 διετέλουν,
1083 1724 1135 1764 τη
1169 1707 1216 1750 δὲ
1246 1708 1401 1788 τροφῇ
1410 1705 1545 1763 ταύτῃ
1568 1703 1895 1761 τεσσαράκοντα
1916 1703 1989 1762 ε’τη

328 1775 564 1833 εχρήσαντο
597 1771 670 1832 ἐφ’
707 1770 810 1818 όσον
838 1774 994 1831 χρόνον
1025 1773 1136 1831 ἠσαν
1170 1791 1214 1818 εν
1244 1791 1295 1831 τῃ
1329 1774 1488 1844 ερήιιω.

259 1846 311 1886 33
442 1849 479 1887 7.
522 1841 593 1894 Ὡς
624 1839 664 1886 δ’
692 1841 863 1886 ἐκεῖθεν
895 1858 1079 1899 αραντες
1110 1842 1172 1893 εἷς
1189 1840 1409 1900 Ῥαφιδεὶν
1441 1846 1541 1900 ἧκον
1570 1843 1992 1898 ταλαιπωρηθέντες

438 1969 459 2013 5
485 1970 526 2002 27
551 1985 595 1997 =
620 1967 770 2002 Exodus
794 1966 880 2002 XVI
909 1969 959 2001 14.

439 2092 904 2128 ROMSPLELatZonm-as
928 2091 945 2125 I
968 2101 1004 2135 p.
1024 2093 1078 2125 60.

442 2153 458 2186 1
486 2150 683 2195 νείφεσθαι
708 2149 830 2184 RM¹L
900 2144 1017 2190 ἔτους]
1043 2145 1154 2184 ὑετοῦ
1179 2145 1332 2181 ROSPL
1352 2145 1563 2192 plumarum
1590 2145 1662 2181 Lat
1745 2149 1764 2181 2
1789 2141 1990 2192 ὑπόληψιν]

326 2203 514 2244 ὑπόνοιαν
540 2206 569 2242 Ο
661 2201 768 2242 *α’πὸ
794 2205 822 2240 Ρ
914 2208 934 2239 4
959 2201 1168 2251 γευόμενοσ
1193 2202 1392 2238 MSPLLat
1485 2199 1592 2239 τοῦτ’
1618 2201 1747 2238 MSPL
1841 2206 1860 2238 6
1885 2204 1992 2238 *τῶν

327 2260 544 2311 ἀρωμάτων
567 2261 712 2311 βδέλλῃ]
739 2262 963 2297 aromatibus
981 2259 1194 2307 praecipuis
1218 2259 1290 2294 Lat
1405 2263 1421 2292 ἰ
1450 2262 1501 2308 τῷ
1527 2270 1595 2294 om.
1622 2259 1654 2294 E
1773 2256 1990 2304 κοριάννου]

325 2318 509 2367 κοριάνου
533 2319 562 2355 Ο
586 2316 815 2367 κοριάνδρου
838 2318 1078 2355 MSPLEZon
1103 2316 1292 2352 coriandri
1317 2316 1387 2351 Lat
1522 2318 1619 2362 περὶ]
1646 2316 1731 2362 περὶ
1756 2311 1823 2362 τὴν
1847 2314 1900 2351 SP

328 2380 346 2412 8
372 2376 688 2424 παραγγέλλεται,
715 2391 750 2412 αι
776 2387 820 2411 ex
846 2389 866 2412 o
893 2386 984 2411 corr.
1011 2375 1049 2409 M
1075 2370 1334 2421 παρηγγήλετο
1362 2373 1413 2407 sic
1437 2372 1467 2406 L
1493 2370 1731 2419 παρήγγελτο
1758 2371 1790 2406 Ε
1894 2370 1933 2408 δὲ
1957 2370 1990 2405 Ε

440 2430 648 2479 ἀσσάρωνα
673 2433 780 2468 MLE
803 2433 938 2468 assurin·
960 2433 1065 2477 (gen.)
1092 2430 1161 2465 Lat
1231 2433 1250 2463 9
1276 2427 1405 2465 *ἐστὶν
1429 2428 1468 2462 Μ
1545 2425 1666 2465 οὐκέτι
1693 2429 1901 2474 λείψοντοσ
1925 2426 1990 2462 Ro

443 2494 479 2526 11
508 2486 664 2537 *dh-eim
692 2486 807 2536 ὁλκὴν
832 2489 861 2524 Ο
1014 2490 1052 2523 12
1078 2486 1387 2533 προτεταγμένοι»
1412 2487 1440 2521 O
1578 2482 1810 2532 συνάγοντεσ
1835 2483 1900 2520 ΟΕ

330 2550 370 2582 13
396 2540 670 2594 περιττότερον
693 2547 747 2583 SP
849 2547 1077 2590 κακοπαθῆν
1101 2543 1129 2578 Ρ
1233 2539 1470 2588 ἀσσαρῶνος]
1496 2554 1603 2588 qnam
1628 2542 1806 2577 assarium
1830 2540 1901 2576 Lat

331 2607 371 2638 14
396 2601 715 2649 *ἐπιλειφθέντοσ
740 2603 770 2638 L
866 2606 903 2638 17
930 2597 1109 2648 α’πορίαν]
1135 2594 1308 2644 α’ποριιῦν
1324 2599 1354 2633 L
1447 2593 1591 2640 *ἱῗεταιῙ
1618 2609 1685 2634 om.
1706 2598 1769 2633 Ro
1795 2595 1910 2634 υἵεται
1935 2597 1989 2632 M¹

444 2656 464 2696 ὃ
491 2657 616 2696 τόποσ
638 2659 787 2696 ἕκεῖνοσ
811 2662 855 2694 tr.
882 2658 978 2694 OLE
1075 2660 1112 2691 18
1136 2659 1265 2702 μωῢσῆ
1291 2656 1447 2691 OMSPL
1545 2661 1581 2690 1¹.)
1608 2654 1668 2690 *δ’
1692 2655 1722 2690 L
1814 2653 1989 2701 *ἑβραῖοι

329 2713 374 2752 τὸ
399 2719 537 2764 βρῶμα
563 2720 690 2758 τοῦτο,
713 2716 782 2751 litt.
810 2721 911 2763 ραῖοι
938 2711 980 2751 τὸ
1004 2719 1007 2756 Ι
1029 2715 1166 2760 βρῶμα
1192 2715 1258 2748 τοῦ
1284 2713 1400 2757 suppl.
1419 2724 1463 2747 m.
1484 2717 1492 2747 1
1526 2713 1562 2747 in
1588 2712 1705 2757 spatio
1733 2721 1849 2746 uacuo
1874 2713 1894 2745 3
1917 2710 1988 2746 litt.

330 2774 367 2808 M
473 2776 514 2809 20
539 2776 643 2818 *μᾶν
665 2773 704 2808 Μ
805 2774 840 2809 τί
865 2767 972 2808 τοῦτ’
998 2767 1109 2811 ἔστιν]
1135 2768 1326 2805 τουτέστιν
1351 2769 1454 2803 ROM
1482 2770 1516 2805 τί
1546 2768 1648 2805 ἐστὶν
1672 2768 1703 2803 Ε
1729 2766 1818 2812 quid
1847 2766 1915 2802 Ιιοσ
1937 2770 1990 2802 cst

329 2830 400 2865 Lat
424 2827 468 2866 τὸ
495 2831 533 2866 τί
556 2828 658 2866 ἐστιν
683 2829 788 2873 coni.,
814 2829 837 2864 i.
852 2840 961 2874 marg.
982 2829 1018 2864 τί
1042 2829 1155 2864 τοῦτο
1182 2827 1352 2872 σημαίνει
1383 2823 1425 2861 τὸ
1450 2826 1573 2869 μα’νιά
1600 2826 1629 2861 Ο
1761 2826 1801 2858 21
1827 2836 1992 2859 καταπε-

330 2890 481 2932 φθεῖσιν
499 2886 526 2921 Ρ
551 2891 780 2932 πεμφθεῖσιν
795 2886 867 2922 ML
892 2887 998 2921 missa
1015 2885 1087 2919 Lat
1162 2885 1203 2918 22
1229 2880 1350 2919 ἔτεσιν
1366 2882 1531 2917 MSPLE
1609 2885 1650 2917 23
1673 2877 1818 2928 χρόνον
1842 2890 1909 2915 om.
1924 2879 1990 2915 LE

444 2941 698 2990 2-1Ῥαᾳιὸεὶν]
724 2943 885 2990 ῥαφίδην
909 2942 973 2978 RO
998 2942 1148 2990 ῥαφιὸὶν
1172 2939 1351 2976 SP¹LZon
1377 2936 1536 2985 ραᾳιὸὴν
1559 2939 1639 2973 1¹OE
1664 2936 1835 2984 raphidin
1860 2936 1930 2972 Lat
