2091 3418
560 190 722 235 ΑΝΤιρ.
748 190 844 227 IUD.
869 191 922 227 111
947 194 1126 228 315-320
1149 195 1253 236 (κη.
1269 198 1300 234 a)
1678 192 1756 232 221

104 304 214 350 κατὰ
244 304 496 362 κουφότητα
526 307 811 360 προαχθῆναι
849 304 926 348 τὸν
965 305 1076 349 θεὸν
1107 302 1397 364 ἀνθρωπίνην
1429 307 1491 358 εἷς
1520 306 1598 365 τὴν
1628 302 1759 365 ὀργὴν

103 371 182 429 τὴν
213 371 327 427 πρὸς
359 368 515 422 αὐτοῖς
547 367 658 413 ἀλλὰ
688 372 834 429 γνώμῃ
866 374 1294 430 καταψηφισάμενον
1325 372 1481 417 αὐτῶν.
1532 371 1581 418 οὗ
1615 375 1680 418 δεῖ
1711 375 1757 418 δὲ
1790 380 1870 419 316

105 436 322 492 ἀπιστεῖν,
356 439 394 483 εἰ
424 442 622 496 ,Μωυσῆς
654 439 716 490 εἷς
746 436 854 496 ἀνὴρ
885 435 945 484 ῶν
983 442 1201 492 τοσαύτας
1234 442 1451 497 μυριάδας
1481 439 1761 499 ὀργιζομένας

105 507 294 564 ἐπράυνε
331 509 402 550 καὶ
432 506 644 563 μετήγαγε·
675 507 789 563 πρὸς
818 507 867 550 τὸ
902 504 1080 564 ἥμερον·
1111 507 1133 552 ὁ
1157 509 1238 565 γὰρ
1269 509 1378 560 θεὸς
1409 506 1527 566 αὐτῷ
1557 526 1760 566 συμπαρ-

53 585 74 619 δ
102 574 164 618 ὠν
200 573 425 632 ἡττᾶσθαι
463 584 557 625 τοῖς
588 575 735 631 λόγοις
766 573 897 618 αύτοῦ
928 576 976 619 τὸ
1010 578 1187 633 πλῆθος
1208 578 1514 633 παρεσκεύαζε,
1545 580 1615 621 καὶ
1649 580 1760 620 πολ-

104 642 228 693 λάκις
257 642 615 698 παρακούσαντες
647 640 905 701 ἀσύμφορον
921 644 1094 695 ἑαυτοῖς
1124 644 1201 701 τὴν
1232 641 1475 688 ἀπείθειαν
1507 644 1759 702 ἐπέγνωσαν

105 708 149 753 ἐκ
176 712 255 753 τοῦ
286 713 493 767 συμφορᾷ
523 721 795 766 περιπεσεῖν.

216 780 255 820 3.
304 778 570 833 Θαυμαστὸς
610 779 657 821 δὲ
695 782 772 835 της
812 776 965 836 ἀρετῆς
995 777 1017 822 o‘
1052 775 1159 836 ἀνὴρ
1189 781 1260 822 καὶ
1291 782 1368 836 τῆς
1399 779 1545 834 ἰσχύος
1574 784 1652 837 τῆς
1680 783 1759 825 τοῦ
1790 785 1869 826 317

103 845 401 889 πιστεύεσθαι
432 849 533 903 περὶ
567 843 627 890 ῶν
659 841 710 889 ὃν
742 847 843 904 εἴπῃ
887 844 935 889 οὐ
975 843 1084 902 παρ’
1110 846 1160 890 ὃν
1192 847 1260 904 ἔζη
1296 847 1452 903 χρόνον
1485 846 1646 905 ὑπῆρξε
1676 849 1758 904 μό-

35 922 73 958 10
102 930 187 966 νον,
220 909 332 956 ἀλλὰ
353 916 424 957 καὶ
448 917 541 957 νῦν·
573 914 665 957 ἔστι
687 917 789 970 γοῦν
811 911 955 965 ούδεὶς
971 911 1194 969 Ἑβραίων,
1220 914 1269 965 ὂς
1291 911 1383 968 σι’·χὶ
1405 916 1614 971 καθάπερ
1645 934 1757 972 παρ-

102 977 228 1032 όντος
268 977 399 1024 αὐτοῦ
437 984 508 1025 καὶ
548 982 812 1033 κολάσοντος
843 976 894 1025 ἂν
926 978 1093 1038 ἆκοσμῇ
1125 986 1365 1037 πειθαρχεῖ
1393 992 1486 1033 τοῖς
1517 979 1598 1026 ὑπ’
1625 980 1757 1028 αύτοῦ

102 1053 464 1107 νομοθετηθεῖσι,
496 1043 575 1092 κόἷν
607 1051 763 1092 λαθεῖν
795 1049 987 1106 δύνηται.
1037 1051 1108 1092 καὶ
1140 1050 1285 1093 πολλὰ
1316 1051 1395 1105 μὲν
1416 1052 1488 1093 καὶ
1519 1048 1631 1094 ἄλλα
1660 1069 1756 1095 τεκ-
1788 1056 1868 1096 318

101 1117 238 1173 μήρια
268 1119 344 1173 τῆς
377 1114 485 1172 ὑπὲρ
518 1114 762 1173 ἄνθρωπόν
794 1116 884 1160 ἐστι
917 1116 1141 1171 δυνάμεως
1173 1114 1318 1169 αὐτοῦ,
1350 1116 1429 1176 ἤδη
1463 1119 1510 1160 δέ
1539 1135 1654 1169 τινες
1684 1121 1755 1162 καὶ

101 1187 189 1227 τῶν
229 1182 341 1240 ὗπὲρ
373 1180 609 1241 Εὐφράτην
648 1187 796 1242 μηνῶν
835 1182 940 1227 ὁδὸν
977 1184 1204 1241 τεσσάρων
1244 1185 1451 1237 ἐλθόντες
1489 1185 1599 1228 κατὰ
1629 1185 1758 1244 τιμὴν

33 1259 71 1295 15
100 1254 178 1295 τοῦ
210 1248 319 1305 παρ’
344 1249 448 1307 ἡμῖν
481 1252 599 1308 ἱεροῦ
628 1252 739 1306 μετὰ
771 1253 948 1295 πολλῶν
987 1252 1196 1295 κινδύνων
1236 1255 1309 1296 καὶ
1341 1249 1641 1308 ἀναλωμάτων
1685 1257 1757 1297 καὶ

102 1319 322 1370 θύσαντες
354 1315 429 1362 ούκ
468 1319 648 1373 ἴσχυσαν
686 1322 773 1362 τῶν
814 1321 940 1374 ἱερῶν
970 1321 1233 1375 μεταλαβεῖν
1262 1324 1482 1371 ,Μωυσέος
1513 1317 1758 1378 ἀπηγορευ-

101 1386 228 1437 κότος
259 1386 336 1430 ἔπί
365 1404 452 1429 τινι
483 1389 570 1428 τῶν
602 1383 651 1429 οὗ
683 1386 976 1441 νομιζομένων
1007 1383 1103 1430 οἶδ’
1125 1387 1169 1430 ἐκ
1198 1390 1286 1430 τῶν
1316 1393 1517 1444 πατρίων
1546 1386 1648 1445 ἡμῖν
1680 1385 1758 1432 αὗ·-

101 1463 195 1504 τοῖς
226 1453 535 1507 συντυχόντων.
595 1456 665 1497 καὶ
699 1455 741 1497 οἱ
771 1455 850 1508 μὲν
880 1455 990 1512 μηδὲ
1010 1455 1240 1508 θύσαντες,
1273 1456 1315 1498 οἱ
1344 1456 1390 1498 δὲ
1422 1453 1650 1512 ἡμιέργους
1679 1456 1759 1508 τὰς
1791 1462 1871 1502 319

103 1525 269 1572 θυσίας
299 1522 630 1574 καταλιπόντες,
663 1524 822 1565 πολλοὶ
856 1518 896 1564 δ’
925 1517 1020 1564 οὐδ’
1048 1518 1181 1578 ἀρχὴν
1213 1522 1433 1566 εἰσελθεῖν
1465 1523 1528 1574 εἷς
1558 1523 1607 1567 τὸ
1642 1523 1759 1579 ἱερὸν

34 1598 72 1633 20
102 1589 363 1646 δυνηθέντες
395 1585 583 1633 ἆπίασιν
613 1587 853 1633 1ὑπακούειν
884 1598 977 1640 τοῖς
998 1593 1219 1640 ,Μωυσέος
1250 1590 1563 1646 προστάγμασι
1592 1593 1759 1646 μᾶλλον

100 1650 127 1713 ἢ
158 1666 305 1700 ποιεῖν
336 1656 391 1699 τὰ
421 1656 532 1699 κατὰ
561 1657 770 1715 βούλησιν
798 1656 875 1713 τὴν
906 1656 1072 1700 ἑαυτῶν
1092 1660 1409 1713 προτιμῶντες,
1440 1658 1611 1701 καὶτὸν
1642 1658 1760 1714 ἐλέγ-

103 1724 234 1775 ξοντα
273 1727 377 1780 περὶ
414 1725 582 1768 τούτων
622 1721 779 1775 αύτούς
818 1720 866 1767 οὗ
910 1721 1123 1778 δεδιότες,
1164 1721 1275 1767 ἅλλα
1313 1725 1449 1780 μόνον
1478 1724 1527 1768 τὸ
1562 1725 1760 1776 συνειδὸς

102 1789 398 1849 ὑφορώμενοι.
468 1787 606 1842 οῧτως
643 1789 666 1848 ἡ
708 1796 956 1846 νομοθεσία
993 1795 1071 1835 τοῦ
1114 1794 1227 1835 θεοῦ
1272 1792 1461 1835 δοκοῦσα
1506 1792 1582 1836 τὸν
1621 1791 1759 1849 ἄνδρα
1790 1800 1870 1840 320

214 1906 234 1947 ς
261 1907 326 1939 315
350 1907 394 1932 ='
417 1904 522 1939 Num.
548 1904 634 1939 XIV
659 1908 711 1939 40.

211 2015 713 2052 ROMSPLLatExcPeiresc.

213 2076 228 2107 1
255 2075 508 2119 προαχθῆναι]
533 2076 750 2120 πραχθῆναι
774 2073 821 2108 L¹
898 2075 917 2107 2
942 2069 1009 2119 τὴν
1039 2084 1106 2109 0111.
1133 2073 1318 2108 OMLExc
1386 2071 1760 2119 καταψηφησάμενον

101 2128 168 2164 S¹P
192 2126 562 2175 καταψηφισάμενοσ
586 2129 615 2164 Ο
717 2133 735 2166 3
760 2127 965 2176 μυριάὸασ,
997 2127 1134 2176 μυριάδ
1154 2130 1178 2164 i.
1203 2140 1274 2165 ras.
1296 2129 1330 2164 R
1421 2132 1442 2164 4
1465 2127 1650 2176 ἐπράϋνεν
1674 2130 1759 2165 S¹P¹

101 2185 178 2220 Exc
258 2180 467 2231 μετήγαγεν
489 2185 698 2221 MSPLExc
779 2183 889 2232 πρὸς]
914 2186 972 2223 εἰσ
995 2186 1204 2221 MSPLExc
1281 2183 1527 2232 ἡμερώτερον
1551 2187 1758 2224 MSPLExc

213 2245 232 2275 5
257 2239 538 2288 παρεσκεύαζεν
562 2242 728 2278 S¹P¹Exc
833 2245 908 2285 καὶ]
934 2243 1071 2288 quippe
1095 2253 1174 2278 cum
1197 2243 1269 2278 Lat
1373 2245 1392 2277 6
1419 2237 1552 2279 αὐτοῖο·
1576 2243 1672 2280 MSP
1696 2241 1759 2280 αὑ-

100 2304 185 2334 τοῖσ
209 2298 319 2332 LExc
413 2301 430 2331 ἵ
458 2296 555 2333 ἐκ-
570 2304 787 2344 περιπεσεῖν
811 2299 960 2334 seclusit
982 2299 1131 2335 Ernesti
1231 2301 1250 2333 8
1274 2301 1338 2334 καὶ
1361 2301 1426 2343 τῆς
1449 2297 1577 2344 ἰσχύος
1601 2302 1665 2345 τῆς
1688 2311 1755 2335 om.

100 2354 125 2390 S
210 2356 291 2395 τοῦ]
314 2351 357 2389 ἐκ
380 2356 448 2390 τοῦ
471 2354 532 2388 PL
617 2357 636 2388 9
662 2352 759 2400 εἴπῃ]
785 2356 877 2390 coni.
904 2354 1003 2392 εἴποι
1027 2355 1092 2390 Ro
1118 2353 1261 2392 εἴποιεν
1283 2355 1491 2391 MSPLExc
1517 2354 1654 2392 εἴπειεν
1669 2356 1758 2391 Din-

100 2410 185 2446 dorf
280 2407 353 2455 ἔζη,
378 2411 397 2453 ζ
423 2420 467 2444 ex
491 2413 512 2452 ξ
534 2420 624 2445 corr.
644 2411 667 2445 S
768 2415 808 2445 10
833 2409 911 2448 ἔστι
935 2415 1027 2459 γοῦν
1052 2408 1181 2454 οὐδεὶς]
1207 2413 1308 2448 ἐστιν
1334 2407 1457 2448 οὖδεὶσ
1481 2411 1633 2447 MLExc
1656 2411 1758 2448 ἐστιν

89 2461 225 2503 -οὐδεὶσ
248 2468 340 2513 γοῦν
364 2466 416 2501 SP
441 2466 563 2501 nullus
585 2467 678 2502 enim
701 2472 753 2501 est
776 2467 847 2503 Lat
944 2466 1122 2514 καθάπερ
1148 2479 1214 2504 om.
1240 2469 1268 2503 P
1372 2471 1407 2502 11
1437 2465 1495 2509 ι’ἰν]
1520 2465 1588 2504 ἐὰν
1613 2467 1666 2503 SP

101 2519 149 2559 ἁ“ν
172 2518 336 2568 ἀκοσμῇ]
362 2517 633 2566 α’νακοσμεῑται
657 2523 721 2560 Ro
823 2528 1047 2572 πειθαρχεῖν
1070 2525 1133 2560 Ro
1159 2526 1346 2571 πειθαρχῆ
1372 2523 1439 2559 S¹P
1542 2519 1619 2565 ὕπ’]
1643 2520 1707 2560 ἐπ’
1733 2525 1757 2560 S

217 2581 256 2613 12
283 2581 597 2624 νομοθετηθεῖσιν
620 2578 786 2615 S¹P¹Exc
867 2578 1048 2617 δύνωνται
1073 2581 1280 2616 MSPLExe
1361 2583 1400 2615 13
1425 2577 1502 2614 ἐστι
1527 2577 1642 2620 (ἐστιν
1665 2580 1756 2623 Exc)

101 2631 292 2678 δυνάμεως
317 2629 445 2675 αὐτοῦ]
476 2632 578 2670 ἐστὶν
609 2630 726 2672 αὐτοῦ
757 2634 953 2681 δυνάμεωσ
977 2637 1032 2672 SL
1059 2633 1175 2673 αὐτοῦ
1204 2633 1399 2680 δυνάμεωσ
1422 2635 1450 2669 Ρ
1591 2639 1632 2670 14
1657 2633 1758 2672 ὁδῶν

101 2689 288 2726 RS¹PExc
379 2686 497 2736 τιμὴν]
523 2687 589 2736 τὴν
613 2688 721 2737 τιμὴν
744 2692 823 2728 Exc
926 2697 964 2727 15
989 2695 1051 2728 καὶ
1077 2703 1144 2727 om.
1167 2692 1237 2727 Lat
1331 2695 1371 2726 16
1396 2694 1474 2727 τῶν
1498 2690 1643 2736 ἱερείων
1666 2692 1757 2728 ROS

101 2746 161 2781 PL
253 2744 438 2790 μωϋσέωσ
461 2745 635 2782 MSPExc
726 2744 983 2795 ἅπειρηκότοσ
1008 2748 1037 2783 O
1140 2750 1180 2782 18
1205 2745 1477 2793 συντυχόντων]
1503 2746 1758 2793 συντυχόντοσ

101 2801 320 2837 ROMLExc
344 2803 422 2837 τῶν
445 2800 705 2847 συντυχόντων
721 2805 851 2840 Selden
946 2807 984 2839 19
1010 2806 1143 2840 πολλοὶ
1168 2799 1216 2845 δ’]
1244 2800 1284 2839 οἵ
1304 2798 1341 2838 δ’
1359 2803 1388 2839 Ο
1480 2803 1665 2840 εἰσελθεῖν
1688 2816 1755 2841 0111.

102 2891 133 2925 L
241 2893 282 2925 20
307 2886 471 2933 ἀπίασιν,
497 2893 535 2928 ια
559 2892 583 2927 i.
605 2903 676 2929 ras.
693 2898 708 2928 1
735 2894 804 2929 litt.
828 2905 873 2928 m.
901 2896 919 2928 2
945 2893 968 2927 S
1074 2893 1259 2938 μωϋσέωσ
1283 2894 1417 2929 SPExc
1440 2874 1604 2938 μαῗσέωσ
1627 2895 1662 2929 M

102 2944 391 2993 προστάγμασιν
416 2946 533 2983 OS¹P¹
627 2952 665 2984 21
692 2946 760 2995 τὴν
783 2960 851 2984 om.
876 2949 1021 2985 ROExe
1115 2945 1240 2986 αὑτῶν
1263 2949 1342 2985 Exc
