2060 3475
840 236 1034 272 Praefatio.
1634 235 1769 270 XLVII

107 355 136 398 S
168 353 278 396 idem
311 352 423 406 quod
445 352 486 394 M
517 352 644 394 tradit
673 353 761 392 τῶν
793 350 937 402 οἴκων,
969 350 1044 394 sed
1077 351 1116 393 in
1140 350 1326 405 margine
1358 354 1421 392 est
1441 351 1528 391 τιῦν
1561 343 1767 403 ἀστέρων,

106 421 219 475 quod
250 434 342 463 cum
374 419 486 462 ROL
523 419 649 461 etiam
681 419 714 461 P
746 419 884 461 habet.
946 420 1001 461 IV
1035 422 1086 461 Sl)
1119 419 1160 461 in
1194 419 1222 460 S
1255 430 1402 460 manus
1438 417 1574 472 prima
1603 418 1770 472 scripsit

107 487 371 542 δαμάλιδος,
411 493 455 530 ut
487 487 528 529 in
560 488 599 529 M
632 492 714 540 est;
758 487 800 528 id
831 491 1062 529 correctum
1095 491 1158 530 est
1189 487 1229 528 in
1261 485 1511 539 δαμάλεως,
1554 485 1668 538 quod
1700 499 1768 529 ex-

107 556 224 599 hibet
255 557 300 598 P.
361 554 511 599 eadem
542 555 703 597 ratione
737 554 813 596 VII
845 559 924 595 :310
954 555 1011 608 (p.
1044 558 1133 596 157.
1168 555 1235 605 17)
1263 554 1360 595 VIII
1387 557 1465 594 217
1493 552 1551 608 (p.
1576 556 1668 595 2223.
1702 553 1770 603 17)

105 623 272 676 accidit,
303 628 348 666 ut
377 623 407 665 S
439 636 564 664 manu
595 623 731 676 prima
761 635 853 664 cum
886 623 940 676 M,
973 636 1097 664 manu
1128 619 1315 664 secunda
1346 634 1438 662 cum
1461 622 1494 663 P
1526 621 1769 663 consentiat.

106 692 163 734 VI
194 695 269 733 221
307 691 348 733 in
370 693 399 733 S
432 696 495 733 est
526 688 603 731 Exci
632 707 731 731 τινα
762 689 901 731 τόπον
930 687 1167 744 Ιίαλγοιτὶθ
1197 685 1337 741 ὄνομα
1368 693 1410 730 et
1440 688 1697 743 adscriptum
1729 688 1770 729 in

105 759 297 814 margine
317 775 366 814 γρ
390 757 433 800 ἐν
455 758 587 813 ῥαμᾱ,
605 762 648 800 at
666 758 707 800 in
724 759 756 800 P
780 758 932 811 legitur
955 755 1031 798 ε’,τί
1052 772 1151 798 ’τινα
1167 755 1308 797 τόπον
1327 754 1369 797 ἐν
1392 757 1509 809 ραμᾱ
1529 753 1771 809 Balyra-df}

106 823 303 881 ὅνομα.ῐ)
351 827 412 869 eis
443 827 547 869 locis
578 826 772 869 omnibus
802 827 981 881 primum
1005 824 1034 866 S
1056 837 1148 866 cum
1170 823 1383 866 Marciano
1405 824 1653 878 plerumque
1675 836 1769 865 0011-

105 895 267 950 spirare
288 894 481 937 uidemus
498 894 543 946 2),
566 893 720 937 deiude
742 898 920 948 apparet
940 893 981 935 in
999 891 1253 934 Sambucani
1276 895 1317 934 et
1338 891 1517 933 Parisini
1539 890 1771 945 archetypo

105 963 234 1006 fuisse
255 962 569 1015 adnotamenta,
602 962 754 1014 quibus
785 974 859 1003 suo
892 961 1070 1013 quisque
1092 959 1216 1002 modo
1248 972 1345 1002 usus
1368 964 1442 1002 cst.
1494 963 1535 1002 et
1554 958 1772 1000 Parisinus

107 1030 278 1084 quidem
309 1030 411 1071 nibil
445 1030 530 1071 sere
573 1030 720 1072 horum
761 1029 801 1070 in
844 1029 1076 1082 marginem
1115 1028 1295 1082 recepit,
1336 1032 1380 1068 at
1419 1027 1460 1069 in
1494 1026 1523 1068 S
1555 1026 1773 1080 complura

105 1098 348 1141 restiterunt
369 1102 411 1140 et
431 1098 574 1140 uariae
596 1097 797 1140 lectiones
819 1101 861 1138 et
884 1096 983 1150 alia,
1014 1097 1130 1139 uelut
1151 1096 1229 1138 VII
1251 1099 1274 1138 6
1308 1094 1509 1151 ζητητέον
1541 1093 1578 1136 εἰ
1600 1093 1771 1146 ἔχουσιν

107 1164 275 1220 ἑβραῑοι
317 1163 366 1207 τὸ
405 1165 600 1218 βιβλίον,
641 1177 750 1219 quae
785 1164 1017 1217 antiquitus
1048 1164 1176 1206 etiam
1207 1164 1249 1206 in
1280 1163 1401 1218 Regii
1432 1162 1772 1214 Oxoniensisque

106 1234 336 1288 archetypo
359 1235 525 1276 fuerunt
546 1232 762 1285 adnotata,
794 1245 887 1274 cum
909 1232 952 1274 in
975 1232 1035 1275 eis
1064 1231 1172 1274 inter
1191 1231 1361 1286 Iosephi
1392 1231 1525 1286 ipsius
1545 1231 1678 1273 uerba
1700 1228 1770 1271 de-

107 1302 227 1356 lapsa
257 1302 350 1344 sint.
402 1299 515 1354 quod
544 1301 580 1343 si
611 1300 798 1342 codicem
831 1299 965 1342 codici
988 1313 1294 1355 comparamus,
1325 1300 1468 1355 paullo
1490 1298 1623 1353 pluris
1645 1296 1770 1339 aesti-

107 1369 286 1412 mandus
318 1381 410 1411 esse
433 1367 598 1410 uidetur
619 1367 661 1421 S,
694 1381 786 1410 cum
808 1368 1083 1423 archetypum
1105 1369 1262 1411 maiore
1284 1381 1377 1410 cum
1399 1366 1481 1409 fide
1504 1364 1770 1420 expresserit.

107 1436 271 1480 accedit
292 1436 405 1489 quod
427 1436 672 1478 correctoris
695 1435 913 1477 libidinem
931 1436 1074 1489 paullo
1096 1436 1232 1478 minus
1253 1435 1404 1489 sensit;
1428 1434 1636 1487 quaedam
1660 1433 1772 1475 enim

106 1505 149 1547 in
170 1505 204 1546 P
225 1505 315 1546 solo
345 1503 600 1557 interpolata
630 1510 736 1546 sunt.
786 1505 902 1546 uelut
931 1504 968 1546 V
993 1506 1070 1545 106
1103 1517 1155 1546 ex
1186 1519 1283 1545 κατι
1315 1502 1427 1556 quod
1450 1502 1490 1543 M
1522 1501 1650 1544 habet
1665 1502 1699 1555 3)
1729 1501 1772 1540 in

107 1573 137 1615 S
167 1574 323 1615 factum
356 1575 419 1614 est
448 1571 519 1612 καὶ
553 1569 630 1624 ἔτι,
664 1571 776 1625 quod
808 1572 885 1613 etsi
916 1585 997 1614 non
1026 1571 1268 1626 probamus,
1299 1574 1442 1612 tamen
1473 1570 1603 1612 multo
1635 1569 1771 1610 minus

108 1639 377 1682 temerarium
410 1643 473 1682 est
504 1652 630 1692 quam
663 1639 776 1692 quod
807 1640 840 1681 P
870 1639 1058 1694 reposuit
1089 1637 1127 1680 εἰ
1160 1638 1206 1680 δὲ
1239 1634 1403 1679 ἄδικον.
1443 1636 1554 1679 adde
1586 1635 1698 1690 quod
1729 1636 1772 1677 in

108 1709 142 1750 P
172 1708 314 1762 paullo
361 1711 458 1761 post
506 1706 693 1749 codicem
742 1712 962 1749 exaratum
1012 1705 1198 1749 secunda
1243 1719 1393 1748 manus
1432 1717 1544 1748 noua
1583 1705 1771 1760 superin-

109 1775 242 1829 duxit,
274 1776 389 1818 uelut
419 1775 456 1816 V
488 1777 554 1829 63,
586 1774 657 1816 ubi
688 1774 792 1816 haec
823 1774 982 1816 habent
1013 1773 1043 1816 S
1075 1778 1116 1817 et
1146 1786 1272 1816 manu
1302 1774 1440 1829 prima
1461 1774 1512 1816 P:
1543 1774 1615 1815 καὶ
1640 1787 1772 1827 στρα-

108 1843 278 1886 τεύσειν
294 1842 328 1896 4)
362 1836 436 1883 ἐπ’
476 1837 633 1890 αὐτοῦς
665 1841 707 1883 οἱ
739 1842 843 1897 περὶ
875 1844 1078 1895 Λίβανον
1110 1836 1213 1896 ὅρος
1241 1842 1442 1896 βασιλεῖς
1474 1837 1598 1890 ὄντες
1618 1845 1773 1882 Χανα-

110 1920 227 1954 ναῖοι
255 1912 327 1952 καὶ
361 1909 402 1951 οἱ
434 1908 477 1951 ἐν
508 1917 602 1958 τοῖς
633 1909 808 1959 πεδίοις
846 1911 933 1951 τιῦν
963 1913 1234 1952 Χαναναίων
1264 1910 1597 1959 Παλαιστίνοις
1636 1922 1773 1963 προσ-

108 1978 317 2033 λαβόντες
348 1976 752 2033 στρατοπεδεύουσι
789 1976 904 2033 πρὸς
934 1976 1129 2034 Βηρώθῃ
1178 1976 1310 2020 πόλει
1341 1991 1376 2021 e.
1400 1991 1438 2031 q.
1460 1992 1493 2022 s.
1533 1990 1642 2032 quae
1680 1990 1774 2020 cum

106 2047 373 2100 intellegeret
401 2049 516 2088 stare
546 2059 629 2088 non
657 2058 784 2101 posse
813 2045 995 2088 Parisini
1026 2046 1223 2088 librarius
1254 2046 1498 2089 emendauit
1527 2047 1606 2089 sic:
1640 2060 1773 2099 στρα-

106 2112 274 2156 τεύσειν
305 2137 359 2142 —
389 2112 719 2168 προσλαβόντες
749 2112 963 2168 ἐ’γνωσαν,
997 2112 1401 2167 στρατοπεδεύουσι
1429 2117 1591 2156 τοίνυν.
1637 2115 1773 2158 habes

106 2182 235 2236 igitur
264 2180 478 2224 hominem
509 2181 624 2223 haud
654 2181 856 2236 ineptum,
886 2182 958 2235 qui
988 2181 1159 2234 quidem
1193 2196 1284 2225 rem
1313 2181 1479 2225 facilius
1511 2186 1552 2225 et
1581 2187 1627 2224 ut
1656 2182 1773 2225 uide·

107 2254 173 2293 tur
219 2250 368 2292 melius
414 2240 634 2302 gessisset,
684 2250 721 2291 si
768 2252 866 2291 ante
913 2249 1243 2298 Παλαιστίνους
1286 2250 1480 2292 uoculam
1524 2250 1597 2291 καὶ
1642 2249 1772 2291 inser·

108 2318 250 2360 uisset.
309 2316 445 2369 magis
483 2316 649 2370 insigne
696 2317 818 2359 huius
863 2317 1113 2360 temeritatis
1159 2317 1399 2372 exemplum
1443 2321 1559 2359 extat
1603 2316 1644 2357 X
1677 2319 1772 2370 246,

107 2385 182 2428 ubi
220 2383 426 2439 Iosephus
471 2383 524 2426 de
571 2384 684 2437 regis
719 2385 932 2427 Baltasari
977 2385 1021 2426 in
1067 2384 1292 2428 Danielem
1335 2385 1586 2440 prophetam
1631 2385 1771 2427 animo

107 2452 310 2506 loquitur:
342 2446 392 2493 οὗ
422 2449 508 2506 μὴν
538 2448 598 2500 (ὃς
628 2451 837 2508 προφήτῃ
871 2448 991 2507 αὐτῷ
1021 2454 1162 2494 κακῶν
1191 2454 1409 2507 γενομένῳ
1429 2450 1510 2500 τὰς
1531 2449 1699 2506 δωρεὰς
1721 2449 1773 2501 ἃς

107 2516 321 2572 ὑπέσχετο
354 2517 512 2561 δώσειν
543 2514 593 2561 οὐ
624 2518 819 2571 δίδωσιν,
853 2515 965 2561 ἀλλὰ
993 2519 1144 2570 πάσας
1173 2522 1418 2576 παρέσχετο
1431 2520 1464 2573 5)
1496 2519 1575 2572 μὲν
1607 2515 1679 2575 ἐφ’
1707 2517 1774 2568 οἷς

110 2586 385 2642 δοθήσονται
415 2585 691 2641 λογιζόμενος
722 2586 837 2630 ἴδιον
860 2583 993 2629 αὐτοῦ
1020 2590 1093 2630 καὶ
1113 2590 1190 2643 τῆς
1210 2589 1517 2642 πεπρωμένης,
1550 2582 1648 2628 ἀλλ’
1679 2581 1774 2639 οὐχὶ

224 2722 256 2762 1)
279 2719 375 2754 idem
398 2720 437 2754 in
459 2719 640 2755 Vaticano
666 2723 765 2754 1304.

222 2778 255 2818 2)
279 2778 439 2811 ceterum
468 2786 543 2810 non
574 2776 706 2811 desunt
736 2776 824 2821 loci,
856 2777 894 2811 in
927 2777 1056 2822 quibus
1086 2776 1114 2810 P
1145 2787 1226 2811 cum
1249 2777 1288 2811 M
1320 2776 1541 2819 consentiat,
1572 2778 1614 2811 ut
1644 2775 1681 2810 II
1707 2778 1771 2811 111

110 2832 222 2868 uerba
247 2828 351 2879 παρὰ
377 2835 433 2881 τῷ
456 2834 572 2879 πατρὶ
596 2852 640 2856 -
667 2835 851 2877 Σεμεῶνα
876 2833 1047 2870 omittunt
1071 2833 1151 2867 MP.

221 2891 255 2932 3)
277 2888 343 2924 Ro
367 2889 465 2923 hunc
488 2888 606 2923 locum
631 2888 811 2925 omittunt.

223 2947 257 2988 4)
281 2942 551 2992 στρατεύουσιν
575 2944 695 2980 ceteri.

224 3003 257 3043 5)
281 3001 448 3048 παρέσχε
473 2997 518 3038 τὸ
545 3001 665 3036 ceteri.
