2091 3418
61 925 97 958 10

637 192 798 235 ANTIQ.
825 192 918 227 IUD.
945 193 996 227 111
1023 195 1156 227 5-2-58
1180 195 1265 235 (114)
1706 193 1782 231 169

129 302 329 362 Ἀαρῶνα
359 307 430 348 καὶ
460 307 537 361 τῆς
565 302 759 362 ἀδελφῆς
785 306 1026 363 ΙΙΙαριάμης
1054 305 1131 348 τὸν
1165 302 1302 363 ἄνδρα
1331 298 1471 363 Οὖρον
1493 304 1632 361 ὄνομα
1655 306 1784 349 στάν-

127 390 206 424 τας
247 372 518 429 ἑκατέρωθεν
562 369 692 415 αὑτοῦ
734 374 981 428 διακρατεῖν
1013 374 1091 424 τὰς
1127 384 1274 429 χεῖρας
1315 378 1386 418 καὶ
1426 374 1483 431 μὴ
1526 374 1783 431 ἐπιτρέπειν

129 441 305 496 κάμνειν
335 443 623 498 βοηθουντας.
673 444 743 484 καὶ
767 442 921 484 τούτου
943 446 1172 498 γενομένου
1201 442 1310 484 κατὰ
1332 443 1488 498 κράτος
1511 443 1661 487 ἐνίκων
1682 443 1785 495 τοὺς

130 505 422 566 ἐίμαληκίτας
453 510 492 552 οἱ
523 506 725 565 Ἑβραῖοι,
757 512 827 553 καὶ
852 511 1014 561 πάντες
1043 505 1096 553 ἂν
1127 507 1460 563 ἀπωλώλεισαν,
1495 511 1609 568 εἰμὴ
1635 511 1785 563 νυκτὸς

128 577 435 635 ἐπιγενομένης
467 574 711 631 ἀπέσχοντο
733 581 809 620 τοῦ
841 583 1034 622 κτείνειν.
1086 582 1205 636 νίκην
1235 580 1468 636 καλλίστην
1499 582 1571 622 καὶ
1602 597 1782 635 καιριω-
1799 585 1850 623 55

128 645 262 703 τάτην
304 648 480 688 νικῶσιν
514 643 633 703 ἡμῶν
667 646 707 688 οἱ
741 646 974 702 πρόγονοι·
1015 648 1085 689 καὶ
1117 646 1198 703 γὰρ
1229 649 1316 689 τῶν
1349 646 1786 703 ἐπιστρατευσάντων

129 712 368 771 ἐκράτησαν
399 712 593 764 καὶτοὺς
625 719 876 771 περιοίκους
908 714 1145 773 ἐφόβησαν,
1177 714 1378 770 μεγάλων
1399 732 1446 757 τε
1466 718 1539 758 καὶ
1572 716 1786 772 λαμπρῶν

129 780 173 824 ἐκ
202 783 279 824 τοῦ
310 791 463 824 πονεῖν
495 781 702 836 ἐπέτυχον
734 779 916 838 ἀγαθῶν
948 783 1116 833 ἑλόντες
1140 782 1184 825 τὸ
1220 782 1520 839 στρατόπεδον
1540 785 1628 826 τῶν
1653 785 1786 826 πολε-

127 853 261 904 μίων,
302 849 521 900 πλούτοις
558 867 605 893 τε
643 851 858 907 μεγάλους
898 852 1088 909 δηιιοσία
1118 853 1190 893 καὶ
1228 868 1308 893 κατ
1363 850 1480 894 ἰδίαν
1522 851 1646 905 ἔσχον
1687 847 1786 895 οὐδὲ

125 919 202 973 τῆς
242 912 477 973 ἀναγκαίου
517 921 685 975 τροτχης
722 919 938 975 πρότερον
978 915 1278 974 εὐποροῦντες.
1348 915 1514 1001 ὖπηρξε
1554 916 1594 961 δ’
1634 915 1783 970 αὐτοῖς
1801 924 1853 963 56

128 980 204 1028 οὒκ
235 985 297 1036 εἷς
326 985 374 1028 τὸ
409 985 554 1040 παρὸν
583 986 742 1040 μόνον,
775 984 886 1029 ἀλλὰ
917 989 990 1030 καὶ
1021 987 1083 1038 εἷς
1112 986 1189 1030 τὸν
1221 985 1356 1037 αὖθις
1389 986 1529 1029 αἰῶνα
1559 990 1646 1031 τῶν
1679 983 1787 1043 άγα-

126 1056 225 1096 θῶν
257 1053 379 1096 αἰτία
410 1057 757 1110 κατορθωθεῖσα
787 1053 812 1112 ἡ
845 1059 1139 1113 προειρημένη
1171 1055 1307 1112 μάχη
1342 1050 1390 1097 οὗ
1421 1054 1503 1111 γάρ
1525 1054 1578 1098 τὰ
1602 1056 1787 1110 σώματα

126 1120 261 1176 μόνον
290 1124 377 1164 τῶν
409 1121 846 1179 ἐπιστρατευσάντων
878 1123 1126 1167 ἐδούλωσαν
1169 1119 1280 1165 ἀλλὰ
1321 1124 1394 1166 καὶ
1424 1122 1479 1166 τά
1511 1128 1785 1181 φρονήματα,

127 1191 197 1232 καὶ
230 1199 324 1240 τοῖς
364 1194 608 1246 περιοίκοις
647 1186 790 1234 ἅπασι
826 1190 936 1246 μετὰ
966 1190 1044 1248 τὴν
1083 1190 1257 1234 ἐκείνων
1294 1187 1430 1248 ἧτταν
1469 1190 1664 1248 ἐγένοντο
1701 1208 1786 1249 φο-

62 1265 98 1297 15
126 1262 262 1314 βεροί,
297 1254 425 1302 αὐτοί
454 1275 502 1302 τε
532 1258 724 1302 πλούτου
755 1259 944 1316 μεγάλου
977 1259 1159 1314 δύναμιν
1191 1261 1492 1316 προσέλαβον·
1530 1259 1670 1310 πολὺς
1699 1258 1782 1317 γάρ
1800 1264 1853 1303 57

128 1323 151 1369 ὅ
186 1322 370 1383 ἄργυρός
399 1343 446 1369 τε
475 1328 547 1369 καὶ
574 1326 734 1383 χρυσὸς
756 1327 1059 1385 ἐγκατελήφθη
1093 1327 1136 1370 ἒν
1157 1330 1219 1384 τῴ
1253 1328 1542 1385 στρατοπέδῳ
1563 1329 1634 1371 καὶ
1658 1327 1785 1386 σκεύη

124 1395 284 1447 χαλκᾶ,
327 1393 394 1444 οἷς
433 1393 618 1450 ἐχρῶντο
659 1398 760 1452 περὶ
792 1396 870 1453 τὴν
901 1396 1095 1448 δίαιταν,
1132 1395 1247 1438 πολὺ
1280 1396 1326 1439 δὲ
1358 1396 1576 1454 ἐπίσημον
1607 1397 1787 1453 πλῆθος

129 1461 343 1518 ἑκατέρων
375 1457 458 1505 ὅσα
488 1479 535 1505 τε
564 1460 737 1521 ὑφαντὰ
769 1466 841 1507 καὶ
872 1464 1031 1520 κόσμοι
1062 1466 1165 1521 περὶ
1195 1463 1276 1514 τὰς
1307 1462 1511 1515 ὁπλίσεις
1542 1459 1567 1520 ἤ
1597 1480 1645 1506 τε
1677 1461 1785 1522 άλλη

129 1534 356 1587 θεραπεία
386 1533 459 1574 καὶ
490 1531 729 1588 κατασκευὴ
763 1531 935 1575 ἐκείνων
977 1533 1073 1576 λεία
1102 1549 1150 1575 τε
1181 1536 1374 1575 παντοία
1403 1535 1568 1590 κτηνῶν
1597 1534 1671 1576 καὶ
1702 1528 1786 1576 όσα

128 1600 252 1657 φιλεῖ
282 1599 601 1655 στρατοπέδοις
632 1599 916 1650 εξωδευκόσιν
948 1600 1156 1643 ε’πεσθαι.
1207 1600 1488 1658 φρονήματός
1507 1618 1555 1644 τε
1585 1598 1783 1658 ὗπεπλή-
1802 1605 1854 1645 58

130 1670 306 1724 σθησαν
348 1662 423 1710 ὲπ
460 1663 639 1725 ἀνδρείᾳ
675 1665 866 1723 Ἑβραῖοι
905 1670 978 1711 καὶ
1023 1667 1164 1726 πολλὴ
1205 1673 1501 1727 μεταποίησις
1538 1668 1590 1725 ἠν
1630 1665 1787 1726 ἀρετῆς

131 1730 279 1786 αυτοῖς
307 1734 420 1791 πρός
449 1751 497 1777 τε
526 1737 589 1791 τῶ
628 1744 780 1779 πονεῖν
810 1735 921 1793 ἠσαν
958 1732 1027 1780 ἇεὶ
1057 1736 1198 1792 τούτω
1229 1737 1377 1780 πάντα
1409 1736 1555 1795 ληπτὰ
1586 1737 1786 1792 νομίζον-

129 1819 202 1854 τες
233 1801 359 1846 εἶναι.
418 1805 492 1846 καὶ
521 1802 682 1861 ταύτης
711 1803 790 1858 μὲν
820 1806 897 1860 τῆς
926 1804 1066 1863 μάχης
1095 1807 1225 1848 τοῦτο
1257 1804 1304 1848 τὸ
1338 1808 1491 1860 πέρας.

243 1963 262 2005 ξ
288 1965 331 1997 54
354 1977 398 1989 =
422 1960 571 1996 Exodus
595 1960 697 1996 XVII
724 1963 775 1997 12.

240 2108 704 2145 ROMSPLELatZonaras
728 2109 746 2144 I
769 2121 807 2155 p
833 2112 888 2144 61.

243 2180 258 2211 1
285 2173 506 2223 μαριάμμησ
538 2176 672 2212 RMSE
702 2176 917 2225 μαριάμνησ
949 2178 1010 2212 PL
1042 2178 1180 2214 mariae
1202 2179 1275 2214 Lat
1414 2171 1547 2226 Οὖρον]
1581 2175 1723 2225 οὔρονα
1747 2179 1788 2214 Μ

130 2227 233 2280 ὦρον
257 2233 374 2269 OSPL
399 2234 503 2276 ὡρον
527 2233 559 2267 Ε
584 2244 676 2268 uron
695 2233 766 2269 Lat
857 2237 876 2268 2
901 2229 1069 2271 *edroi-o
1090 2235 1154 2270 RO
1248 2238 1267 2269 3
1293 2238 1538 2282 βοηθοῦντι-ιο
1561 2236 1678 2280 suppl.
1700 2247 1745 2270 m.
1768 2240 1782 2271 1

129 2290 162 2325 R
185 2293 404 2337 βοηθουντα
429 2289 587 2325 Dindorf
689 2287 787 2328 κατὰ
812 2288 970 2337 κράτοσ
993 2287 1091 2328 κατὰ
1116 2289 1191 2339 κρά
1214 2292 1237 2326 i.
1263 2302 1335 2327 ras.
1360 2292 1394 2327 R
1418 2285 1639 2337 οἷνακράτοσ
1662 2291 1695 2326 Ε

130 2350 150 2381 4
174 2344 233 2388 ἄν]
259 2357 326 2382 om.
352 2346 510 2390 ROML,
534 2349 619 2392 post
649 2342 921 2385 α’πωλιόλεισαν
950 2351 995 2383 tr.
1020 2348 1053 2383 E
1191 2343 1455 2385 ἀπολώλεισαν
1484 2348 1696 2383 RMS¹PLE

131 2406 150 2438 5
176 2404 292 2450 νίκην]
319 2403 508 2438 uictoriam
533 2414 619 2449 erqo
644 2403 715 2439 Lat
739 2406 844 2452 νίκην
870 2405 908 2441 δὲ
933 2405 988 2440 ed.
1013 2416 1068 2450 pr.
1172 2403 1438 2452 καιριωτάτην]
1462 2402 1707 2452 καιριοτάτην
1731 2406 1786 2441 Μι

129 2456 382 2507 καιριωτάτην
406 2455 545 2504 ταύτην
569 2458 660 2494 coni.
761 2465 778 2495 7
805 2458 1037 2508 μεγάλων-
1052 2464 1072 2496 9
1097 2463 1302 2505 πολεμίων]
1327 2461 1654 2506 abundantiamque
1672 2463 1787 2507 potiti

129 2520 214 2550 sunt
238 2526 453 2562 maqnorum
477 2514 732 2562 clarorumque
755 2517 949 2559 bonorum,
980 2528 1074 2563 quae
1103 2518 1179 2552 suis
1203 2517 1388 2553 laboribus
1411 2517 1633 2559 habuerunt;
1664 2517 1787 2553 deuin-

130 2577 250 2607 centes
272 2582 426 2616 namque
449 2572 649 2608 exercitum
672 2573 827 2608 hostium
851 2574 922 2609 Lat
1038 2571 1216 2620 μεγάλων
1240 2577 1292 2615 τε]
1311 2569 1593 2620 εὖπορήσαντεσ
1610 2572 1788 2620 μεγάλων

130 2627 258 2663 MSPL
283 2630 319 2662 et
342 2631 382 2662 ut
407 2627 479 2662 uid.
504 2628 577 2664 Lat
675 2633 869 2677 λαμπρῶν]
894 2633 1078 2676 λαμπρῶν
1103 2624 1156 2666 ῶν
1179 2630 1414 2666 RMSPLLat
1518 2633 1556 2663 10
1582 2633 1651 2676 τῆσ
1675 2626 1788 2677 α’ναγ-

131 2685 245 2720 καίασ
270 2682 429 2718 OMSPL
505 2685 543 2721 δὲ
566 2685 605 2719 Μ
685 2689 726 2720 14
750 2679 890 2722 ἅπασιν
906 2686 987 2722 MS¹
1069 2690 1107 2721 15
1133 2685 1260 2728 πολὺς]
1285 2688 1348 2722 καὶ
1373 2684 1495 2722 πολὺσ
1517 2686 1586 2730 μὲν
1602 2687 1641 2721 Μ
1665 2685 1788 2724 πολὺσ

130 2740 199 2786 μὲν
223 2739 309 2776 SPL
399 2737 474 2788 γὰρ
499 2751 565 2776 om.
582 2742 612 2776 L
707 2745 748 2777 16
774 2739 794 2779 ὃ
822 2754 889 2779 om.
908 2743 994 2778 SPL
1083 2740 1236 2790 χρυσὸς]
1264 2739 1284 2779 ὃ
1307 2739 1454 2790 χρυσὸσ
1473 2742 1543 2777 ML
1635 2742 1786 2790 ἐγκατε-

132 2798 267 2843 λείφθη
290 2795 526 2832 ROMSLLat
548 2795 821 2846 ἐγκατελήφθη,
846 2797 867 2845 η’
893 2810 938 2834 ex
963 2801 998 2835 εί
1022 2799 1155 2834 corr.P
1228 2803 1266 2834 17
1293 2797 1489 2845 ἐχ·ρῶντο
1515 2799 1538 2833 S
1622 2802 1662 2834 18
1688 2804 1786 2848 περὶ]

132 2850 235 2898 παρὰ
261 2853 300 2887 Μ
428 2849 607 2896 ὁπλίσεισ,
630 2856 644 2889 ί
667 2866 711 2890 ex
735 2871 756 2902 η
781 2867 872 2891 corr.
899 2856 923 2890 S
947 2855 1102 2901 πλήσεισ
1125 2856 1154 2890 Ρ
1289 2858 1329 2889 19
1354 2852 1577 2902 κατασκευὴ]
1603 2852 1649 2892 τὰ
1676 2855 1787 2904 σκεύη

129 2910 161 2944 L
260 2911 302 2943 20
327 2906 563 2952 ἐξοδευκόσιν
586 2910 658 2954 P(?)
752 2915 790 2947 21
819 2907 950 2959 ἀνδρία
974 2911 1020 2945 1³²
1122 2906 1263 2957 άρετῆσ
1287 2905 1332 2958 ἦν
1355 2914 1400 2947 tr.
1427 2911 1480 2947 SP
1574 2914 1616 2947 22
1642 2909 1786 2957 αἰτοῖσ,

133 2971 194 3003 οῖσ
216 2965 240 3001 i.
266 2976 336 3003 ras.
361 2965 393 3001 L
483 2970 536 3009 τε]
561 2980 602 3003 τε
626 2968 668 3004 τὲ
689 2968 729 3003 Μ
820 2971 886 3018 τῷ]
910 2965 954 3005 τὸ
979 2967 1101 3003 R¹SP¹
1192 2967 1263 3004 αἰεὶ
1287 2968 1327 3004 Μ
1418 2972 1532 3006 τοῦτο
1558 2967 1599 3004 S²
