2170 3475
327 226 462 262 LXXII
1058 221 1252 257 Praefatio.

325 339 556 383 Mendozae
586 335 740 379 menda
770 348 852 377 non
883 335 1030 389 solum,
1062 335 1175 387 quod
1205 335 1296 388 ipse
1328 333 1441 387 dicit,
1474 333 1517 375 in
1546 334 1843 388 antiquitatum
1865 340 1986 392 parte

324 406 567 462 posteriore,
598 402 673 445 scd
694 402 820 444 etiam
842 415 917 456 per
937 401 1014 444 hos
1036 402 1165 444 libros
1188 407 1375 444 correcta
1401 406 1509 455 sunt,
1540 414 1624 455 qua
1653 402 1695 444 in
1725 417 1770 446 re
1800 405 1986 447 maxime

325 486 368 515 se
396 485 514 513 usum
536 483 628 512 esse
647 468 866 524 profitetur
886 468 1146 523 Sigismundi
1168 468 1335 511 Gelenii
1366 482 1508 523 opera.
1559 482 1612 511 ex
1644 471 1830 525 epitoma
1857 472 1986 526 igitur

323 544 531 592 sumptum
563 542 628 579 est
658 536 693 577 V
724 538 748 588 ξ
782 539 861 578 149
892 534 969 593 τὴν
999 540 1114 590 βίαν,
1149 537 1261 590 quod
1291 537 1334 579 in
1364 537 1513 580 ceteris
1542 537 1661 579 libris
1692 544 1756 581 est
1786 537 1862 594 τὴν
1893 557 1985 581 πα-

323 609 511 659 ροινίαν,
552 604 661 657 quod
695 605 854 659 spreuit
885 605 986 657 quia
1020 605 1062 646 in
1093 605 1134 646 M
1166 609 1359 659 corrupte
1395 602 1471 660 τὴν
1503 607 1779 659 παρθενείαν
1818 606 1983 660 legitur.

320 674 355 715 V
378 675 456 714 323
488 672 530 713 in
561 671 627 714 ed.
649 686 712 726 pr.
745 670 893 723 ξενίζει
929 685 982 714 ex
1015 673 1201 727 epitoma
1229 676 1443 727 sumptum
1475 677 1557 726 est;
1597 686 1698 715 nam
1729 673 1857 716 ceteri
1887 673 1985 716 libri

322 741 489 792 δέχεται
522 737 642 795 ξενίᾳ
673 738 838 792 (ξενίαν
868 739 929 793 Μ)
960 740 1174 783 exhibent.
1235 753 1288 782 ex
1321 738 1471 782 eadem
1501 741 1679 783 ascitum
1711 745 1773 783 est
1805 741 1870 783 IX
1906 745 1984 784 162

320 803 602 862 esyvcopco'vwg
637 806 879 863 προήσεται
922 807 979 862 (p.
1004 807 1126 862 280),
1168 807 1212 850 id
1253 807 1366 862 quod
1405 808 1572 851 facilius
1608 807 1834 852 uidebatur
1862 809 1983 853 intel-

318 878 429 919 lectu
459 888 585 928 quam
616 876 809 930 προιῖται
840 875 1043 918 Marciani
1072 875 1347 929 aliorumque.
1398 874 1475 918 sed
1496 876 1624 919 etiam
1644 876 1882 919 uei-sionem
1903 877 1982 920 La-

320 944 449 986 tinam
472 956 520 985 eo
553 947 742 996 tempore
771 943 855 984 iam
887 943 1072 998 pluriens
1104 943 1262 986 editam
1292 944 1489 986 Arlenius
1520 944 1680 998 passim
1711 944 1879 987 uidetur
1909 944 1983 987 ad-

318 1011 505 1054 hibuisse
536 1013 578 1051 et
613 1009 823 1063 quaedam
855 1023 909 1052 ex
935 1023 987 1052 ea
1008 1011 1268 1065 emendasse,
1302 1011 1494 1065 quamuis
1524 1011 1617 1066 ipse
1646 1012 1690 1054 in
1719 1012 1983 1067 praefatione

320 1079 408 1121 eius
440 1077 692 1119 mentionem
733 1091 817 1120 non
855 1078 1015 1120 fecerit.
1072 1084 1291 1133 praeterea
1329 1080 1507 1122 accessit
1546 1078 1719 1123 editoris
1759 1093 1875 1123 error
1911 1085 1984 1123 aut

319 1146 566 1198 coniectura,
599 1157 683 1198 qua
713 1145 794 1187 loci
824 1146 1059 1199 complures
1091 1146 1233 1188 affecti
1264 1153 1370 1189 sunt.
1422 1147 1538 1189 uelut
1558 1147 1617 1189 VI
1639 1148 1719 1188 230
1751 1148 1910 1203 optime
1939 1148 1983 1191 in

316 1214 432 1256 libris
469 1212 622 1266 legitur
662 1212 768 1266 πρὶν
811 1204 834 1267 ἢ
865 1215 1032 1265 μαθεῖν
1065 1207 1157 1268 {sug
1189 1212 1282 1256 ἐστὶ
1314 1216 1384 1256 καὶ
1417 1212 1541 1268 παρὰ
1578 1222 1672 1264 τοῖς
1709 1211 1982 1273 ἀπορρήτοις

317 1276 449 1322 αι’-τοῦ
469 1281 545 1336 τῆς
570 1281 709 1334 ψυχῆς
739 1282 977 1334 γενέσθαι;
1007 1285 1051 1322 at
1071 1281 1269 1324 Arlenius
1299 1281 1434 1324 dedit:
1467 1283 1573 1338 πρὶν
1609 1276 1631 1339 1²]
1656 1286 1823 1337 μαθεῖν
1854 1283 1892 1326 εἰ
1913 1288 1982 1334 τίς

316 1347 407 1390 ἐστι
438 1349 511 1390 καὶ
543 1345 666 1402 παρὰ
695 1355 789 1396 τοῖς
820 1343 1092 1404 ἀπορρήτοις
1125 1343 1255 1390 αὐτοῦ
1286 1351 1363 1405 τῆς
1404 1351 1544 1407 ψυχῆς
1586 1350 1713 1401 νόσος
1743 1352 1983 1396 coniectura

315 1423 356 1459 et
396 1416 579 1471 pessima
619 1418 660 1458 et
698 1416 936 1458 temeraria.
999 1422 1184 1459 ceterum
1220 1417 1274 1459 de
1304 1418 1464 1460 Arlenii
1496 1432 1625 1474 opera
1655 1434 1737 1463 non
1768 1424 1882 1463 recte
1921 1422 1981 1463 iu-

314 1484 445 1526 dicari
475 1483 631 1539 poterit
660 1488 887 1536 antequam
919 1489 1183 1539 perspectum
1208 1485 1297 1538 erit,
1330 1498 1439 1538 quae
1470 1486 1704 1529 intercedat
1733 1488 1840 1531 ratio
1870 1489 1980 1532 inter

315 1551 402 1595 eius
443 1550 671 1594 editionem
714 1554 755 1594 et
799 1551 988 1594 codicem
1028 1552 1259 1596 Mendozae
1305 1554 1445 1596 aliaue
1475 1553 1678 1597 Marciani
1717 1557 1979 1612 apographa.

315 1632 442 1673 quare
473 1619 553 1661 hoc
583 1619 676 1661 loco
707 1619 852 1662 relicto
881 1633 929 1662 eo
961 1625 1141 1673 transeo,
1173 1624 1218 1662 ut
1249 1634 1358 1674 quae
1381 1626 1476 1676 post
1498 1622 1713 1664 Arlenium
1736 1623 1777 1664 in
1799 1624 1980 1680 Iosepho

314 1687 532 1729 elaborata
568 1687 650 1729 sint
681 1701 900 1742 exponam.

427 1754 620 1797 Secundo
644 1755 848 1810 Iosephus
876 1756 1039 1808 graecis
1072 1756 1184 1810 typis
1215 1757 1445 1811 impressus
1478 1762 1541 1798 est
1563 1757 1764 1801 Coloniae
1786 1759 1979 1804 Allobro·

312 1834 411 1875 gum
432 1836 540 1865 anno
562 1826 662 1864 1611
688 1837 715 1865 a
731 1824 856 1867 Petro
874 1824 1112 1867 Roueriano
1135 1825 1415 1879 typographo.
1457 1825 1492 1866 is
1525 1824 1566 1866 in
1594 1826 1856 1879 praefatione
1878 1826 1981 1871 dicit

313 1903 358 1932 se
387 1896 555 1933 nactum
586 1904 680 1934 esse
711 1891 914 1935 beneficio
944 1893 1036 1935 Iani
1073 1892 1240 1935 Gruteri
1271 1897 1312 1934 et
1340 1890 1584 1946 Marquardi
1606 1892 1779 1935 Freheri
1811 1895 1979 1939 codices

313 1971 438 2000 manu
455 1958 631 2013 scriptos
648 1972 702 2001 ex
724 1960 982 2003 bibliotheca
997 1960 1207 2012 Palatina,
1230 1959 1306 2002 sed
1323 1961 1523 2013 quoniam
1545 1965 1641 2002 tunc
1662 1961 1705 2002 in
1727 1962 1977 2007 excudendo

314 2026 494 2080 Iosepho
526 2027 691 2082 longius
722 2028 997 2082 processisset
1033 2041 1110 2070 nec
1152 2027 1380 2070 editionem
1421 2028 1574 2069 morari
1613 2029 1838 2084 uoluisset,
1879 2045 1978 2074 nam

314 2094 571 2138 Basileensis
602 2095 764 2137 nullum
796 2108 1018 2150 superesse
1050 2096 1281 2148 exemplar,
1314 2096 1580 2138 constituisse
1613 2101 1734 2138 notas
1765 2103 1806 2139 et
1837 2100 1978 2143 uarias

314 2162 514 2205 lectiones
546 2177 598 2206 ex
633 2163 698 2206 his
730 2163 847 2205 libris
880 2168 1103 2218 excerptas
1142 2163 1344 2216 peculiari
1385 2163 1596 2205 uolumine
1630 2164 1832 2208 emittere.
1893 2180 1976 2220 quo

311 2231 465 2272 factum
489 2237 563 2283 est,
595 2235 640 2273 ut
665 2231 708 2273 in
738 2231 819 2274 hae
843 2231 1027 2274 editione
1047 2244 1158 2273 noua
1188 2230 1379 2273 subsidia
1400 2231 1593 2273 adhibita
1625 2233 1707 2274 sint
1737 2233 1866 2289 nulla,
1898 2235 1975 2278 sed

313 2297 440 2341 editio
463 2299 720 2342 Basileensis
752 2299 926 2352 iterata,
961 2298 1074 2351 quod
1104 2312 1202 2341 uero
1236 2298 1488 2352 promissum
1527 2306 1588 2341 est
1625 2300 1822 2344 uolumen
1856 2316 1972 2346 num·

312 2379 435 2417 quam
457 2368 665 2421 apparuit.
707 2367 835 2410 editio
858 2367 1098 2409 Roueriana
1113 2379 1222 2408 anno
1252 2369 1351 2406 1034
1377 2365 1514 2408 denuo
1538 2367 1649 2421 typis
1682 2368 1881 2412 mandata
1912 2376 1976 2413 est

313 2446 337 2474 a
369 2434 555 2477 Iohanne
588 2435 779 2490 Crispino
811 2435 936 2478 nullis
968 2440 1116 2477 ornata
1146 2434 1267 2476 nouis
1297 2433 1508 2476 subsidiis.

423 2502 590 2545 lnterim
623 2517 705 2545 non
737 2507 953 2546 cessarunt
984 2502 1062 2545 uiri
1093 2502 1206 2544 docti
1237 2501 1417 2556 Iosepho
1457 2516 1628 2556 operam
1670 2503 1794 2557 dare,
1836 2509 1971 2547 erant-

311 2582 410 2621 que,
453 2569 522 2621 qui
561 2569 789 2614 editionem
828 2571 949 2613 nouis
988 2569 1119 2625 copiis
1157 2574 1323 2611 auctam
1365 2575 1405 2611 ct
1445 2570 1553 2611 notis
1594 2570 1844 2614 illustratam
1884 2586 1975 2615 mo-

310 2636 494 2689 lirentur,
527 2637 579 2680 de
611 2639 764 2692 quibus
796 2638 1021 2693 diligenter
1052 2638 1180 2679 refert
1203 2636 1389 2679 Thomas
1420 2638 1520 2691 lttig
1552 2638 1591 2680 in
1623 2640 1884 2692 praefatione
1915 2640 1972 2682 ad

311 2702 536 2746 editionem
566 2706 884 2760 Lipsienscm.¹)
945 2711 1034 2748 erat
1065 2706 1171 2747 inter
1203 2718 1276 2746 eos
1307 2705 1433 2746 ctiam
1471 2707 1498 2747 l.
1525 2707 1553 2747 Ι.
1579 2707 1789 2761 Scaliger,
1832 2720 1857 2748 a
1888 2721 1970 2760 quo

310 2775 449 2813 tamen
482 2773 584 2815 nihil
617 2778 733 2816 tanto
765 2774 934 2827 ingenio
957 2773 1131 2827 dignum
1154 2773 1308 2814 sactum
1331 2780 1405 2815 cst.
1457 2773 1592 2815 acrius
1625 2788 1711 2816 rem
1742 2776 1970 2829 adgressus

309 2845 372 2883 est
411 2840 450 2881 in
492 2841 641 2884 Galliis
680 2842 852 2884 Samuel
892 2841 1076 2894 Petitus,
1117 2839 1186 2893 qui
1230 2854 1304 2894 per
1342 2840 1564 2883 Nicolaum
1607 2842 1847 2885 Fabricium
1877 2843 1969 2886 Pei-

428 2988 453 3020 l)
480 2996 584 3028 quam
611 2985 843 3032 lIaucrkamp
869 2987 904 3021 in
931 2986 1131 3032 appendice
1158 2986 1347 3021 uoluminis
1373 2986 1405 3020 11
1432 2986 1587 3022 exhibet.
