2060 3475
844 240 1036 275 Praefatio.
1654 243 1767 277 LXXI

116 355 283 411 quidem
316 353 441 396 bodie
473 354 513 395 in
547 355 748 397 Escoriali
782 362 926 397 extare
958 369 1083 410 supra
1116 354 1310 398 diximus.
1362 356 1437 398 sed
1468 355 1523 398 ad
1555 357 1667 398 solas
1699 371 1768 399 an-

116 424 328 478 tiquitates
368 422 446 464 boc
486 423 692 476 pertinere
732 429 932 476 apparet,
970 437 1060 464 cum
1101 428 1239 465 cetera
1274 423 1440 478 Iosepbi
1484 424 1696 467 uolumina
1729 425 1770 466 in

114 493 184 535 illo
216 491 359 533 codice
390 503 467 533 nec
498 496 643 532 extent
674 503 808 544 neque
841 504 1037 542 uinquam
1071 491 1296 533 extiterint.
1360 505 1467 543 quae
1509 492 1633 546 igitur
1664 492 1770 534 inse-

115 560 338 613 quentibus
379 558 431 599 dc
473 557 657 600 editione
691 558 851 600 Arlenii
893 557 1079 600 dicemus
1118 558 1242 600 simul
1288 557 1339 599 de
1382 559 1459 601 hoe
1499 559 1642 602 codice
1689 559 1770 603 diei

114 639 237 681 posse
268 626 489 680 probabile
521 631 595 667 est.
657 626 739 668 iam
773 639 870 667 uero
903 632 1059 668 certum
1092 630 1154 668 est
1200 624 1395 668 editionis·
1436 627 1635 681 principis
1676 642 1769 671 auc-

114 700 245 737 torem
278 706 369 736 0850
395 694 650 735 Marcianum
675 698 769 746 3581,
802 708 893 735 curn
927 707 1034 745 quae
1068 694 1106 735 in
1141 694 1217 735 hoc
1250 701 1444 748 corrupta
1475 702 1546 736 aut
1577 708 1602 736 a
1634 696 1772 738 nescio

114 775 196 816 quo
227 766 415 804 correcta
444 768 540 802 sunt
571 761 611 802 in
644 774 735 804 eam
768 761 1023 803 deuenerint.
1076 762 1204 803 ueluti
1236 762 1300 803 III
1329 765 1353 811 ς·
1391 767 1465 802 121)
1496 756 1580 802 ὅσα
1611 762 1773 815 κόσμον

115 829 252 873 οἴσειν
285 828 464 882 ἔμελλον
497 834 611 871 extat
645 831 685 870 in
720 829 834 870 libris
855 833 903 881 ¹),
937 830 976 870 in
1008 829 1073 870 cd.
1105 843 1164 883 pr.
1201 830 1257 884 (p.
1283 830 1352 880 71)
1387 828 1412 870 ἃ
1457 827 1618 882 κόσμος
1663 827 1771 871 εἶναι

115 897 316 952 ἔμελλον,
356 910 464 949 quac
506 898 617 939 male
657 903 843 939 correcta
881 910 974 939 esse
1013 905 1190 951 apparet
1227 911 1278 939 ex
1310 897 1512 939 Marciani
1544 897 1713 939 litteris:
1748 891 1774 938 ἰέ

323 979 378 995 Α
493 978 502 999 l

114 999 277 1054 κόσμον
320 987 693 1051 οἴσειναιίιιιλλον,
735 1011 909 1050 quarunt
948 997 969 1038 ἴ
999 1011 1124 1040 manu
1157 998 1387 1040 recentiore
1420 1011 1547 1052 supra
1578 999 1776 1054 scriptum

115 1074 189 1112 est.
251 1068 314 1109 III
355 1069 428 1108 189
461 1066 506 1107 ὸὲ·
539 1066 603 1107 ὸεῑ
635 1065 801 1108 codices
833 1065 1045 1118 exhibent,
1078 1066 1193 1107 solus
1223 1065 1262 1105 M
1296 1060 1336 1105 d'
1365 1065 1523 1107 εἴὸοιτε
1557 1066 1627 1120 ita,
1662 1072 1705 1108 ut
1736 1070 1777 1110 et

117 1135 159 1177 εἴ
187 1136 228 1178 111
260 1149 405 1177 rasura
437 1135 489 1176 sit
521 1138 561 1176 et
593 1148 683 1174 οιτε
719 1133 895 1175 duarum
918 1133 1096 1175 triumue
1119 1132 1351 1175 litterarum
1384 1133 1616 1176 deletarum
1640 1134 1776 1176 locum

116 1203 318 1255 obtineat,
350 1215 479 1255 quare
510 1201 608 1243 olim
642 1200 682 1242 in
705 1201 747 1242 M
778 1200 891 1243 idem
923 1201 1049 1243 fuisse
1081 1200 1311 1255 putandum
1345 1207 1407 1243 est
1438 1206 1565 1254 atque
1604 1202 1644 1243 in
1684 1202 1775 1244 reli-

117 1271 230 1325 quis;
277 1269 352 1312 sed
399 1282 451 1311 ex
505 1268 701 1310 correctis
747 1274 881 1311 ortum
929 1274 991 1312 est
1038 1263 1079 1310 d'
1107 1268 1243 1310 εἴδετε
1289 1268 1484 1312 editionis
1525 1270 1778 1312 Arlenianae

119 1342 177 1393 (p.
201 1339 283 1391 77).
342 1337 399 1378 IV
432 1338 512 1377 ‘2th
552 1336 592 1376 in
633 1335 697 1377 ed.
730 1350 789 1391 pr.
822 1340 880 1390 (p.
910 1336 1006 1391 111)
1038 1338 1253 1392 leguntur:
1298 1332 1526 1391 αὐτάρκεις
1561 1335 1642 1391 γὰρ
1676 1335 1778 1379 {sce-

120 1438 309 1495 (ρι’-κασιν
341 1433 458 1479 οὗτοι
503 1436 708 1479 δικασταί
722 1436 779 1492 2),
820 1438 862 1479 in
893 1438 934 1479 M
966 1451 1065 1481 uero
1097 1438 1274 1480 traditur
1305 1415 1516 1496 ῗᾳύκασιν
1548 1447 1779 1482 correctum

120 1522 173 1550 ex
204 1505 424 1563 &prienam
456 1504 500 1546 id
532 1504 645 1558 quod
677 1501 749 1560 ἐφ’
780 1503 924 1546 υἱάσιν
956 1505 1180 1560 legendum
1213 1512 1316 1561 erat,
1347 1513 1391 1550 ut
1422 1506 1549 1549 ceteri
1580 1507 1677 1549 libri
1709 1508 1779 1549 ha-

120 1576 231 1617 bent.
292 1574 327 1615 V
359 1576 435 1614 2151
482 1573 553 1613 καὶ
597 1570 898 1627 ποιησάμενος
936 1567 1085 1622 ὀξεῖαν
1123 1572 1200 1629 τὴν
1239 1576 1326 1615 τῶν
1366 1573 1636 1629 πραγμάτιον
1682 1573 1781 1617 ἐγει-

119 1642 297 1695 μέλειαν
335 1641 377 1682 111
409 1641 449 1682 M
481 1640 681 1681 omissum
722 1644 785 1681 est
826 1638 1082 1692 ἐπιμέλειαν
1122 1641 1163 1682 111
1196 1641 1372 1684 confinio
1404 1642 1668 1697 paginarum3
1710 1642 1781 1685 de-

121 1710 220 1751 sinit
251 1709 361 1751 enim
392 1707 548 1762 pagina
585 1707 626 1748 in
658 1705 955 1761 πραγμάτων;
994 1708 1094 1750 inde
1124 1721 1200 1751 suo
1231 1714 1365 1751 marte
1395 1709 1591 1751 Arlenius
1620 1710 1783 1752 aliusue

120 1776 307 1831 reposuit
336 1774 567 1828 πρόνοιαν.
618 1772 730 1816 adde
763 1786 870 1826 quae
901 1774 954 1817 de
976 1775 1135 1819 Veneto
1159 1777 1240 1817 380
1272 1781 1314 1819 et
1335 1776 1618 1819 Laurentiano
1642 1779 1707 1818 69.
1735 1781 1782 1818 lo

121 1857 248 1899 supra
288 1842 493 1895 diximus,
536 1854 630 1883 eum
671 1841 822 1894 quibus
862 1842 993 1885 editio
1025 1843 1220 1898 princeps
1251 1845 1338 1886 fere
1368 1857 1535 1898 semper
1565 1844 1782 1887 consentit.

121 1925 214 1955 cum
243 1910 370 1964 igitur
390 1910 431 1951 M
463 1909 659 1952 editionis
689 1909 947 1953 Arlenianae
977 1911 1178 1953 librorum
1200 1911 1321 1952 I——X
1352 1913 1445 1954 fons
1467 1912 1688 1955 habendus
1718 1911 1783 1965 sit,

120 1984 261 2022 tamen
291 1990 375 2020 non
407 1989 459 2018 ex
490 1976 570 2018 hoc
598 1976 704 2030 ipso,
735 1977 811 2019 sed
840 1991 893 2020 ex
923 1979 1169 2032 apographo
1202 1979 1292 2022 eius
1313 1981 1526 2023 Marciano
1559 1981 1639 2021 380
1672 1979 1786 2022 codi-

122 2060 213 2090 cem
235 2043 467 2088 Mendozae
498 2044 795 2098 transcriptum
826 2044 962 2087 uideri
992 2046 1076 2087 iam
1107 2059 1236 2101 supra
1266 2047 1367 2089 dixi.
1418 2047 1514 2089 finis
1547 2047 1658 2089 enim
1689 2046 1786 2089 libri

122 2114 295 2167 decimi,
335 2113 407 2166 qui
445 2112 487 2153 in
518 2113 560 2154 M
590 2125 667 2154 nec
698 2126 809 2154 nune
839 2118 1031 2166 superest
1062 2127 1198 2167 neque
1227 2115 1392 2157 Arlenii
1423 2120 1612 2169 tempore
1644 2127 1784 2169 super-

123 2182 214 2236 fuit,
246 2185 291 2224 ut
319 2181 363 2223 in
394 2180 528 2233 altero
559 2180 772 2222 Marciano
805 2193 857 2222 ex
889 2181 1091 2224 Vaticano
1128 2185 1204 2223 147
1236 2182 1392 2236 petitus
1423 2188 1488 2225 est
1519 2182 1645 2224 etiam
1677 2195 1786 2225 erro-

123 2249 239 2292 ribus
261 2261 366 2301 quos
386 2247 590 2289 Marciani
610 2247 806 2289 librarius
828 2249 1038 2290 commisit
1068 2250 1366 2304 transscriptis.
1417 2262 1526 2302 quae
1547 2263 1647 2292 uero
1669 2249 1787 2291 initio

122 2317 220 2359 libri
249 2315 373 2371 primi
403 2328 456 2357 ex
487 2315 526 2355 M
559 2315 807 2357 exciderunt
836 2316 971 2369 petita
1000 2321 1097 2359 sunt
1130 2331 1183 2360 ex
1212 2317 1497 2359 Laurentiano
1529 2320 1594 2358 69.
1622 2322 1669 2358 10
1701 2317 1787 2370 (L),

124 2389 170 2427 ut
191 2383 370 2427 efficitur
390 2382 573 2424 maxime
595 2396 861 2426 numerorum
887 2385 1213 2438 comparatione,
1242 2385 1312 2438 qui
1333 2384 1354 2426 I
1376 2386 1538 2426 83—87
1567 2389 1674 2426 sunt.
1711 2398 1789 2427 1100

124 2451 222 2494 111110
251 2451 407 2494 111111010
439 2450 570 2493 officit
600 2450 714 2503 quod
745 2451 787 2493 in
820 2450 1003 2494 editione
1034 2453 1266 2495 Arleniana
1306 2452 1516 2505 quaedam
1547 2452 1601 2493 ab
1631 2452 1666 2493 L
1705 2452 1788 2495 dis-

127 2523 310 2574 crepant,
341 2517 458 2560 uelut
489 2518 509 2558 Ι
532 2519 583 2558 49
617 2518 745 2560 editio
776 2518 972 2573 princeps
1003 2521 1061 2574 (p.
1084 2520 1126 2572 5)
1155 2533 1239 2562 non
1271 2533 1363 2562 eum
1385 2520 1419 2561 L
1450 2517 1679 2573 τριβόλους
1709 2518 1788 2572 μὲν

126 2610 179 2616 —
200 2585 386 2639 exhibet,
417 2585 494 2628 Sed.
523 2583 572 2627 τὸ
606 2584 684 2635 μὲν
715 2585 922 2640 παρέξειν
952 2584 1001 2628 τὸ
1037 2580 1077 2627 ὁ)
1105 2582 1179 2628 οὐκ
1211 2584 1430 2637 ἀξιώσειν,
1461 2599 1538 2628 nec
1567 2586 1588 2627 I
1609 2588 1661 2628 63
1692 2596 1791 2641 γαϊ-

129 2652 276 2711 ὁάόης,
307 2653 384 2696 sed
415 2651 589 2707 ἷάρεόος
611 2652 670 2707 (p.
694 2653 753 2708 6),
785 2666 867 2706 quo
888 2654 1058 2697 nomine
1079 2655 1207 2696 utitur
1225 2655 1259 2696 L
1281 2654 1424 2709 paullo
1447 2660 1541 2708 post
1562 2656 1615 2705 ἐς
1636 2656 1702 2696 79.
1725 2657 1790 2697 84.

128 2722 234 2764 haee
264 2721 375 2764 enim
405 2725 593 2762 correcta
622 2726 719 2762 sunt
750 2721 856 2764 duce
887 2722 1089 2777 epitoma,
1126 2736 1178 2764 ex
1209 2722 1326 2764 euius
1356 2722 1608 2775 exemplari,
1639 2727 1684 2764 ut
1713 2722 1789 2765 Ar-

130 2789 264 2831 lenius
302 2788 344 2830 in
383 2787 645 2842 praefatione
687 2787 746 2842 (p.
777 2789 820 2843 6)
862 2790 942 2843 ait,
981 2790 1141 2832 Romae
1180 2795 1422 2843 comparato
1462 2790 1595 2831 multa
1634 2789 1791 2832 codicis

248 2947 278 2986 1)
303 2941 431 2988 ἔμελλε
456 2947 554 2979 recte
578 2943 654 2978 Ro.

247 3002 279 3041 2)
304 3000 429 3034 eadem
453 3000 491 3034 in
517 3001 624 3035 Laur.
651 3002 705 3034 69.
733 3003 787 3035 20.
