2160 3439
349 199 429 238 326
786 197 950 242 ANTIQ.
974 197 1072 234 IUD.
1096 197 1130 234 V
1157 201 1333 234 169—176
1355 202 1394 242 (ιι
1412 205 1462 234 12.
1487 204 1570 244 1111)

348 310 436 356 ὑπὸ
470 308 656 368 ἀνάγκης
685 313 897 366 γένωνται
925 309 1125 364 χαλεπὰς
1156 308 1271 354 εἶναι
1299 313 1373 354 καὶ
1404 311 1683 370 ἐπισφαλεῖς,
1716 309 1813 356 ἄλλ’
1838 310 1946 358 ὅταν
1967 314 2012 360 ἐν

238 383 318 423 170
348 381 586 435 κακουργίᾳ
615 379 891 435 τολμηθῶσι.
950 380 1029 435 τῆς
1069 377 1116 420 δὲ
1154 383 1387 434 γερουσίας
1423 379 1539 437 πρὸς
1576 380 1625 424 τὸ
1667 383 1745 438 τῆς
1783 380 2013 438 ἐπιορκίας

347 443 488 500 όνομα
527 444 845 503 σχετλιασάσης
884 444 969 502 έφη
1000 461 1068 495 τις
1096 444 1271 496 τούτοις
1308 463 1356 488 τε
1393 451 1606 502 γυναικῶν
1646 444 1860 505 εἰπορίαν
1900 449 2012 504 ἐχειν

347 512 490 556 εἰπεῖν
521 514 594 556 καὶ
624 511 806 594 τήρησιν
836 514 924 555 τῶν
955 507 1110 569 όρκων.
1171 511 1388 569 ἐρομένων
1420 514 1467 557 δὲ
1495 514 1574 572 τὴν
1606 514 1833 569 ἐπίνοιαν,
1863 513 2010 573 ,,ἦμῖν,

347 578 494 633 εἶπεν,
524 581 621 636 τρὶς
649 582 728 623 τοῦ
758 579 882 630 ε’τους
913 579 975 630 εἷς
1005 579 1121 623 Σιλῶ
1155 583 1379 624 συνιοῦσιν
1411 580 1596 626 έπονται
1625 583 1737 626 κατὰ
1768 583 2014 641 πανήγυριν

237 651 311 691 171
349 646 395 689 αἱ
424 655 623 702 γυναῖκες
651 649 724 691 καὶ
757 647 803 690 αἱ
833 651 1088 704 θυγατέρες.
1137 647 1306 690 τούτων
1334 647 1446 691 κατὰ
1479 646 1682 707 ἁρπαγὴν
1709 650 1912 708 ἐφείσθω
1933 668 2012 708 γα-

345 723 444 769 μεῖν
472 719 743 770 Βενιαμίτας
774 714 826 765 ἃς
857 708 910 758 ἂν
941 715 1172 771 δυνηθεῖεν
1202 712 1326 772 ἡμῶν
1362 712 1462 759 οἰῖτε
1501 721 1874 773 προτρεπομένων
1912 715 2013 762 οὔτε

344 782 617 826 κωλυόντων.
676 781 792 839 πρὸς
822 782 869 825 δὲ
899 781 1002 832 τοὺς
1028 785 1226 839 πατέρας
1257 779 1400 825 αὐτῶν
1440 783 1804 840 δυσχεραίνοντας
1840 787 1914 830 καὶ
1944 803 2012 830 τι-

344 853 517 906 μωρίαν
540 849 779 905 λαμβάνειν
802 845 1032 901 ἀξιοῦντας
1054 849 1254 907 φήσομεν
1273 846 1430 902 αὐτοὺς
1449 851 1618 903 αἰτίους
1636 853 1831 910 φυλακῆς
1848 849 2012 910 ἆμελή-

346 932 510 968 σαντας
536 920 624 960 τῶν
645 921 915 974 θυγατέρων,
948 912 1018 960 ὅτι
1040 917 1087 960 δὲ
1110 917 1177 960 δεῖ
1195 920 1273 975 τῆς
1294 913 1424 976 ὀργῆς
1446 918 1523 962 ἐπὶ
1545 924 1814 974 Βενιαμίτας
1833 918 2014 979 ὑφεῖναι

234 988 313 1029 172
341 988 642 1042 χρησαμένους
674 982 781 1042 αὐτῇ
809 987 883 1028 καὶ
913 988 1084 1028 θᾶττον
1116 980 1367 1042 ἆμέτρως“.
1416 988 1490 1029 καὶ
1520 987 1563 1030 οἷ
1591 987 1672 1041 μὲν
1705 987 1880 1039 τούτοις
1909 1005 2012 1032 πει-

346 1055 530 1103 σθέντες
561 1053 838 1110 ψηφίζονται
867 1052 944 1096 τὸν
977 1051 1051 1096 διὰ
1081 1055 1159 1109 τῆς
1191 1050 1393 1110 ἁρπαγῆς
1422 1054 1563 1109 γάμον
1593 1064 1688 1105 τοῖς
1709 1059 2011 1110 Βενιαμίταις.

345 1119 556 1178 ἐνστάσης
595 1121 642 1164 δὲ
671 1123 749 1178 τῆς
794 1120 948 1178 ἑορτῆς
987 1120 1029 1163 οἱ
1059 1120 1138 1174 μὲν
1170 1120 1390 1164 διακόσιοι
1421 1120 1532 1164 κατὰ
1564 1121 1640 1164 δύο
1671 1124 1745 1165 καὶ
1774 1132 1892 1179 τρεῖς
1921 1122 2009 1180 πρὸ

342 1190 420 1244 τῆς
450 1188 625 1239 πόλεως
656 1187 885 1245 ἐνήδρευον
915 1191 1224 1243 παρεσομένας
1253 1187 1333 1238 τὰς
1363 1192 1622 1244 παρθένους
1643 1189 1687 1233 ἐν
1708 1206 1756 1233 τε
1778 1185 2013 1245 ἀμπελῶσι

233 1258 312 1299 173
343 1258 417 1300 καὶ
444 1260 625 1313 χωρίοις
657 1255 701 1299 ἐν
723 1255 789 1307 οἷς
811 1255 959 1313 λήσειν
981 1255 1174 1310 ἔμελλον,
1209 1256 1254 1299 αἱ
1278 1256 1324 1299 δὲ
1344 1255 1455 1311 μετὰ
1476 1257 1666 1307 παιδιᾶς
1688 1253 1813 1301 οὐδὲν
1833 1255 2011 1316 ὑφορώ-

341 1339 471 1377 μεναι
501 1325 589 1366 τῶν
618 1323 869 1378 μελλόντων
901 1319 1164 1380 ἀφυλάκτως
1195 1318 1381 1366 ὥδευον·
1421 1324 1463 1366 οἱ
1503 1324 1550 1367 δὲ
1581 1324 1916 1368 σκεδασθεισῶν
1947 1326 2011 1370 εἴ·

338 1407 468 1444 χοντο
491 1390 819 1442 ἐξαναστάντες.
869 1393 941 1434 καὶ
975 1387 1098 1435 οὗτοι
1127 1391 1206 1446 μὲν
1239 1386 1377 1442 ου’τως
1406 1391 1680 1448 γαμήσαντες
1705 1387 1779 1435 ἐπ’
1805 1391 1909 1449 έργα
1932 1409 2011 1450 της

340 1461 418 1516 γῆς
459 1458 684 1517 ἐχώρησαν
722 1459 797 1501 καὶ
835 1458 1052 1515 πρόνοιαν
1095 1457 1364 1516 ἐποιήσαντο
1406 1459 1544 1502 πάλιν
1586 1459 1650 1510 εἷς
1678 1459 1757 1516 τὴν
1788 1463 2011 1516 προτέραν

233 1529 312 1568 174
343 1521 628 1581 ευδαιμονίαν
659 1525 940 1570 ἐπανελθεῖν.
992 1528 1270 1581 Βενιαμιτῶν
1299 1526 1378 1580 μὲν
1410 1543 1485 1570 ουν
1507 1524 1531 1584 ἡ
1556 1543 1615 1584 φι
1620 1526 1670 1584 λη
1693 1526 2010 1571 κινδυνεύσασα

340 1595 500 1645 τελέως
537 1594 819 1652 ἐκφθαρῆναι
849 1611 910 1650 τῳ
951 1597 1259 1652 προειρημένῳ
1289 1594 1445 1650 τρόπω
1484 1594 1594 1638 κατὰ
1625 1612 1703 1652 τιν
1727 1590 2011 1652 Ἰσραηλιτῶν

342 1666 508 1743 σοφίαν
540 1662 726 1714 σώζεται
762 1659 934 1719 ἤνθησέ
962 1679 1010 1705 τε
1047 1664 1318 1741 παραχρῆμα
1347 1663 1421 1704 καὶ
1451 1671 1629 1715 ταχεῖαν
1661 1662 1725 1713 είς
1754 1679 1802 1706 τε
1830 1663 2010 1745 πληθος

340 1731 414 1772 καὶ
455 1728 510 1771 τὰ
552 1726 664 1772 αλλα
704 1729 852 1772 πάντα
893 1729 1138 1787 ἐποιήσατο
1176 1730 1254 1786 τὴν
1293 1729 1510 1773 ἐπίδοσιν.
1579 1725 1707 1781 οὗτος
1750 1730 1829 1785 μὲν
1869 1747 1944 1773 ουν
1983 1733 2005 1774 ὁ

342 1796 538 1850 πόλειιος
569 1792 708 1848 ούτως
738 1797 944 1840 παύεται.

233 1865 311 1906 175
454 1866 531 1907 ΙΙΙ.
567 1868 602 1907 1.
623 1859 788 1918 “Quota
820 1863 866 1906 δὲ
896 1864 1071 1914 τούτοις
1103 1867 1273 1908 παθεῖν
1303 1866 1376 1907 καὶ
1398 1863 1476 1921 τὴν
1496 1865 1647 1922 Δάνην
1678 1868 1834 1922 συνέβη
1867 1864 2009 1923 φυλὴν

231 1934 311 1973 176
343 1930 391 1982 ἐξ,
429 1930 575 1982 αἰτίας
612 1931 819 1989 τοιαύτης
858 1931 921 1981 εἷς
958 1933 1088 1974 τοῦτο
1127 1935 1449 1985 προαχθεῖσαν.
1510 1935 1596 1974 τῶν
1621 1928 1902 1989 Ἰσραηλιτῶν
1941 1930 2009 1975 ἐκ·

342 1998 616 2042 λελοιπότων
646 1996 726 2056 ἤδη
759 1997 838 2054 τὴν
870 1997 914 2041 ἐν
944 2008 1038 2049 τοῖς
1069 2000 1285 2053 πολέμοις
1313 1996 1496 2056 ἄσκησιν
1518 2000 1590 2042 καὶ
1612 1998 1727 2054 πρὸς
1747 2008 1842 2050 τοῖς
1863 1999 2007 2055 ’ἔργοις

454 2124 475 2165 ξ
502 2124 566 2157 169
589 2140 635 2152 =
657 2123 772 2158 Iudic.
797 2123 883 2157 XXI
912 2126 964 2157 18.

452 2234 918 2270 ROMSPLELatZonaras
942 2235 960 2270 I
985 2246 1019 2280 p.
1047 2237 1100 2270 83.

456 2295 470 2325 1
497 2285 563 2326 ὑπ’
583 2290 612 2324 L
683 2294 702 2325 2
729 2293 969 2336 τολμήθῶσιν
994 2291 1062 2326 S¹P
1133 2292 1227 2337 *τῆς
1250 2289 1460 2337 ἐπιορκίας]
1487 2293 1555 2337 τήγ
1578 2288 1781 2337 ἐφιορκίασ
1805 2290 1857 2326 sic
1876 2290 1915 2325 M

339 2350 358 2382 3
384 2345 573 2389 *τούτοις]
599 2350 713 2383 τοῦτο
741 2346 769 2381 Ρ
795 2344 918 2383 τούτω
943 2348 966 2383 S
993 2349 1060 2384 τοῦ
1085 2350 1162 2383 τῶν
1184 2347 1216 2382 L
1343 2360 1382 2383 τε
1409 2357 1476 2381 om.
1504 2347 1575 2381 ME
1708 2350 1728 2382 4
1753 2346 1906 2393 τήρησιν
1930 2349 2007 2383 τῶν

339 2397 479 2450 ὅρκων]
505 2401 680 2450 τηρήσειν
704 2400 774 2439 τὸν
800 2397 919 2448 ὅρκον
942 2403 1179 2439 MSPLELat
1311 2407 1330 2438 5
1355 2400 1434 2439 εἶπε
1460 2403 1493 2438 R
1517 2403 1637 2439 εἰπεῖν
1661 2402 1732 2438 ML
1860 2400 2006 2446 *Σιλὼ1

339 2462 432 2496 σιλῶ
456 2459 520 2495 RO
546 2456 645 2506 σηλὼ
671 2459 773 2494 MPL
798 2462 899 2506 σηλιῦ
923 2459 947 2494 S
1019 2464 1036 2494 7
1062 2460 1305 2506 βενιαμίταισ
1330 2459 1434 2494 MLE
1505 2456 1578 2496 *ἄν
1602 2462 1809 2503 suspectum
1880 2462 1921 2494 10
1949 2452 2007 2496 ὅτι

339 2516 377 2553 δὲ
401 2519 467 2557 δεῖ]
495 2511 552 2553 ὅτι
571 2529 611 2553 τε
636 2519 691 2552 δεῖ
713 2515 784 2550 ML
815 2519 888 2552 -δεῖ
911 2516 960 2559 δὲ,
986 2527 1078 2551 eras.
1094 2532 1114 2562 η
1139 2517 1217 2551 siue
1242 2529 1286 2554 ει.
1311 2518 1484 2550 accentus
1509 2515 1546 2549 in
1570 2518 1626 2551 δεῖ
1649 2515 1766 2560 suppl.
1792 2515 1816 2551 S
1840 2518 1896 2552 δεῖ
1918 2515 1957 2553 δὲ
1978 2515 2007 2551 Ρ

451 2571 611 2619 ὑφεῖναι]
635 2573 783 2608 Bekker
807 2569 959 2616 α’(ιεῖναι
983 2573 1046 2608 RO
1071 2572 1217 2619 ἐφεῖναι
1241 2572 1368 2608 MSPL
1395 2566 1537 2607 (ἓνεῖναι
1565 2571 1711 2606 Ernesti
1785 2574 1820 2606 11
1849 2572 1913 2606 καὶ
1937 2582 2004 2608 om.

338 2628 498 2664 Dindorf
617 2624 803 2674 ἀμέτρως]
829 2631 891 2664 καὶ
917 2625 1097 2675 άμι-’τρωσ
1123 2629 1176 2665 SP
1296 2631 1335 2663 12
1361 2625 1418 2664 διὰ
1446 2630 1519 2673 τῆς]
1545 2623 1593 2663 δι’
1618 2627 1683 2662 LE
1709 2627 1791 2662 sort.
1817 2630 1916 2663 reete

1801 2698 1813 2718 7

342 2732 383 2764 14
407 2727 598 2776 ἐνίδρειον
621 2730 645 2765 S
752 2733 792 2764 15
818 2727 953 2775 λήσειν]
979 2727 1103 2776 λήγειν
1126 2730 1157 2764 L
1263 2725 1521 2774 ὑφορώμεναι]
1548 2725 1743 2775 ἷνᾳορῶσαι
1770 2698 1821 2764 δελ
1847 2725 1940 2765 εἶναι
1966 2729 2007 2766 Μ

336 2785 538 2832 ύφορῶσαι
564 2783 688 2822 δεινὸν
713 2782 807 2822 εἶναι
834 2786 863 2820 L
969 2790 1007 2821 16
1032 2784 1175 2822 ὥδευον
1199 2781 1429 2830 άφι·λάκτιοσ
1453 2787 1497 2820 tr.
1526 2784 1555 2819 L
1654 2787 1690 2819 21
1722 2781 1774 2826 εἴς
1799 2787 1851 2826 τε]
1877 2784 1934 2821 εἰσ
1961 2782 2004 2823 τὸ

338 2841 410 2876 ML
489 2845 531 2877 22
555 2840 784 2888 ἐποιήσαντο
811 2841 844 2876 R
921 2845 962 2877 23
989 2836 1150 2884 *οἱῖτως1
1177 2836 1276 2878 οἱῖτω
1300 2841 1353 2876 SP
1380 2834 1496 2877 οὗτοσ
1523 2834 1648 2876 οἷῖτωσ
1672 2840 1710 2874 M
1788 2843 1829 2874 24
1854 2840 1878 2875 i.
1892 2852 2003 2888 marg.

340 2896 407 2931 Ill
431 2898 500 2933 Lat
592 2896 729 2945 Δάνην]
754 2894 882 2944 duo-hv
905 2898 1006 2933 MPL
1031 2896 1158 2945 διάνήν
1181 2899 1204 2934 S
1229 2893 1416 2943 δανιτινήν
1439 2897 1461 2931 i.
1480 2907 1590 2941 marg.
1615 2896 1644 2931 L
1670 2892 1848 2943 δανιανήν
1874 2897 1906 2932 Ε
1930 2896 2003 2934 (Ian

339 2952 411 2989 Lat
436 2951 550 2990 Δάνιν
575 2955 667 2990 coni.
760 2954 936 3001 *συνέβήΙ
962 2952 1102 2991 σι’νεύει
1128 2954 1161 2990 R
1253 2956 1295 2988 20
1321 2954 1519 2997 πολεμίου)
1546 2952 1610 2988 RO
1636 2952 1790 2997 πολέμω
1816 2952 1848 2988 Ε

2041 594 2061 626 5

2043 916 2160 964 ι’]

2041 1267 2058 1302 1
2149 1253 2160 1285 L
