2091 3418
22 954 60 988 10

22 1292 60 1326 15

562 222 723 266 ANTIQ.
749 221 846 257 IUD.
873 221 903 256 V
933 223 1108 256 154-159
1132 224 1213 262 (119.
1234 223 1286 262 ιο)
1671 219 1752 258 323

88 340 161 381 καὶ
191 339 280 379 τῶν
311 333 455 378 ἄλλων
487 335 710 392 φυλετῶν,
751 334 1150 389 συναπενοήθησαν
1180 332 1262 388 γὰρ
1295 329 1445 382 αὐτοῖς
1475 331 1534 384 (ὃς
1566 328 1754 387 ἀμυνού-

87 422 213 460 μενοι
241 403 541 459 βιαζομένους.

206 476 269 515 10.
306 468 376 521 Ὡς
417 470 463 512 δὲ
492 471 676 511 τοιαῦτα
705 478 800 518 τοῖς
828 464 1115 525 Ἰσραηλίταις
1145 466 1200 510 τὰ
1238 467 1361 521 παρὰ
1393 470 1480 510 τῶν
1514 471 1754 525 Γαβαηνῶν

90 535 364 597 ἀπηγγέλθη,
397 533 552 593 ὅρκους
582 537 815 578 ποιοῦνται
844 535 1011 592 μηδένα
1033 537 1159 590 σφῶν
1182 530 1307 590 ἀνδρὶ
1333 540 1569 592 Βενιαμίτῃ
1596 535 1754 579 δώσειν

89 606 204 662 πρὸς
242 606 382 662 γάμον
422 606 648 659 θυγατέρα
680 602 963 658 στρατεύσειν
993 619 1040 645 τε
1072 598 1145 644 ἐπ’
1174 599 1354 654 αὐτούς,
1394 604 1562 657 μᾶλλον
1605 598 1755 653 αὐτοῖς

90 670 150 717 δι’
177 669 307 730 ὀργῆς
337 669 460 722 ὄντες
482 665 508 728 ἢ
528 680 623 720 τοῖς
645 674 921 719 Χαναναίοις
941 670 1043 720 τοὺς
1064 669 1308 725 προγόνους
1329 668 1452 726 ἡμῶν
1475 670 1754 727 παρειλήφα-

88 758 168 797 μεν
196 743 467 797 γενομένους.
518 736 786 794 παραχρῆμά
816 754 863 779 τε
895 737 1044 793 ἐξῆγον
1076 733 1152 780 ἐπ’
1180 733 1338 788 αὐτοὶ-ς
1368 737 1416 780 τὸ
1452 738 1753 792 στρατόπεδον

88 808 307 865 μυριάδας
336 806 664 862 τεσσαράκοντα
697 802 911 847 ὁπλιτῶν·
948 806 1020 847 καὶ
1053 807 1329 859 Βενιαμιτῶν
1360 805 1408 848 τὸ
1443 803 1674 848 ὁπλιτικὸν
1704 796 1754 860 ἦν

88 873 177 919 ὑπὸ
220 875 462 930 δισμυρίων
501 875 571 915 καὶ
614 873 980 925 πεντακισχιλίων
1020 874 1091 915 καὶ
1134 872 1393 924 ἑξακοσίων,
1443 869 1503 916 ῶν
1542 865 1652 929 ἦσαν
1693 872 1756 922 εἷς

90 946 408 992 πεντακοσίους
438 949 536 990 ταῖς
568 941 715 990 λαιαῖς
735 942 823 982 τῶν
850 942 1010 995 χειρῶν
1041 940 1287 997 σφενδονᾶν
1319 938 1506 995 ἄριστοι,
1539 936 1652 983 ὥστε
1681 941 1753 982 καὶ

90 1011 231 1068 μάχης
263 1009 377 1063 πρὸς
404 1011 457 1065 τῇ
489 1009 614 1063 Γαβᾷ
643 1010 875 1064 γενομένης
905 1010 1118 1062 τρέπουσι
1152 1007 1254 1058 τοὺς
1280 1006 1551 1065 Ἰσραηλίτας
1582 1008 1623 1051 οἱ
1647 1012 1755 1050 Βεν-

92 1088 267 1133 ιαμῖται
307 1074 462 1130 ἄνδρες
491 1091 539 1117 τε
575 1078 821 1117 πίπτουσιν
861 1073 908 1125 ἐξ
946 1070 1090 1117 αὐτῶν
1129 1075 1192 1126 εἷς
1223 1076 1480 1131 δισμυρίους
1510 1078 1582 1118 καὶ
1615 1075 1755 1128 δισχι-

91 1147 225 1197 λίους,
259 1144 524 1202 ἐφθάρησαν
555 1142 601 1184 δὲ
634 1142 741 1192 ἴσως
765 1135 816 1184 ἂν
837 1144 908 1184 καὶ
932 1143 1146 1195 πλείονες,
1179 1143 1218 1185 εἰ
1239 1143 1292 1201 μ’]
1321 1143 1398 1194 νὺξ
1419 1141 1576 1193 αὐτοὺς
1598 1142 1756 1196 ἐπέσχε

90 1216 164 1258 καὶ
196 1214 368 1257 διέλυσε
397 1212 683 1265 μαχομένους.
745 1212 816 1252 καὶ
851 1210 891 1252 οἱ
932 1210 1011 1264 μὲν
1042 1215 1306 1265 Βενιαμῖται
1334 1215 1560 1266 χαίροντες
1593 1206 1754 1263 ἀνεχώ-

89 1298 193 1337 ρουν
225 1280 287 1330 εἷς
317 1278 396 1336 τὴν
427 1277 573 1328 πόλιν,
606 1276 647 1318 οἱ
680 1272 720 1317 δ’
744 1272 1008 1333 Ἰσραηλῖται
1037 1278 1428 1336 καταπεπληγότες
1461 1276 1545 1322 ὑπὸ
1577 1280 1656 1334 τῆς
1683 1272 1756 1333 ἤτ-

89 1365 167 1407 της
207 1347 270 1398 εἷς
306 1346 356 1389 τὸ
401 1344 718 1401 στρατόπεδον.
787 1346 840 1400 τῇ
880 1341 922 1386 δ’
954 1344 1139 1402 ἐπιούσῃ
1179 1346 1318 1389 πάλιν
1359 1346 1673 1401 συμβαλόντων
1713 1345 1756 1388 οἱ

90 1421 355 1470 Βενιαμῖται
384 1413 594 1469 κρατοῦσι
628 1412 698 1453 καὶ
731 1411 977 1467 θνήσκουσι
1007 1415 1094 1456 τῶν
1121 1410 1401 1471 Ἰσραηλιτῶν
1439 1410 1755 1467 ὀκτακισχίλιοι

90 1485 164 1527 καὶ
184 1482 349 1539 μύριοι,
372 1482 442 1523 καὶ
467 1480 694 1527 δείσαντες
710 1477 786 1520 τὸν
808 1478 946 1535 φόνον
968 1479 1170 1531 ἐξέλιπον
1184 1481 1233 1525 τὸ
1254 1482 1571 1537 στρατόπεδον.
1606 1498 1754 1536 παρα-

90 1551 317 1609 γενόμενοι
348 1550 395 1592 δὲ
427 1547 489 1597 εἷς
519 1546 703 1601 Βέθηλα
738 1544 872 1589 πόλιν
904 1546 1080 1603 ἔγγιστα
1109 1552 1307 1607 κειμένην
1338 1551 1410 1592 καὶ
1443 1549 1757 1607 νηστεύσαντες

91 1619 202 1663 κατὰ
232 1618 310 1676 τὴν
342 1615 577 1671 ὑστεραίαν
607 1611 685 1655 τὸν
714 1611 826 1655 θεὸν
859 1614 1047 1658 ἱκέτευον
1079 1616 1153 1660 διὰ
1179 1621 1392 1661 Φινεέσου
1423 1620 1501 1660 τοῦ
1524 1614 1758 1673 ἀρχιερέως

91 1687 362 1731 παύσασθαι
391 1687 469 1742 τῆς
499 1679 629 1738 ὀργῆς
658 1681 735 1735 τῆς
762 1679 877 1736 πρὸς
899 1679 1056 1734 αὐτοὺς
1077 1686 1151 1728 καὶ
1172 1695 1270 1736 ταῖς
1292 1685 1416 1728 δυσὶν
1440 1680 1583 1727 αὐτῶν
1603 1679 1757 1740 ἥτταις

203 1815 224 1855 ξ
251 1816 315 1847 154
338 1831 382 1843 =
405 1814 519 1849 Iudic.
545 1814 612 1848 XX
640 1817 691 1849 14.

201 1934 664 1972 ROMSPLELatZonaras
688 1936 706 1970 I
729 1947 765 1981 p.
793 1938 895 1980 82sq.

206 1995 221 2026 1
248 1994 324 2033 καὶ]
348 1988 444 2036 μετὰ
470 1992 614 2037 Cocceji
637 1989 731 2037 μετὰ
756 1993 820 2028 καὶ
844 1989 1004 2026 Dindorf
1107 1985 1440 2034 συνεπενοήθησαν
1464 1988 1494 2022 O
1602 1982 1760 2026 α’μυνοὺ-

89 2050 211 2091 μενοι]
235 2058 281 2083 ex
303 2048 375 2084 Lat
399 2044 631 2093 ἀμυνόμενοι
657 2048 761 2084 codd.
857 2050 875 2080 3
901 2049 1020 2082 ταῦτα
1045 2045 1078 2080 Ε
1181 2049 1273 2088 τοῖς]
1301 2040 1462 2091 ἠγγέλθη
1486 2049 1573 2079 τοῖσ
1597 2041 1758 2077 MSPLE

204 2106 225 2138 4
249 2099 467 2151 α’πηγγέλθη
493 2115 559 2141 0111.
585 2104 748 2140 MSPLE
824 2107 842 2137 5
868 2099 1118 2149 *στρατεύειν
1142 2101 1172 2136 L
1243 2097 1372 2143 αὐτοῖς
1396 2110 1462 2136 0111.
1489 2099 1520 2133 L
1590 2102 1609 2132 6
1636 2095 1758 2139 ὄντες]

91 2158 268 2195 aduersos
291 2162 340 2203 (h.
365 2171 396 2195 e.
424 2154 550 2203 ὄντας)
574 2161 646 2196 Lat
755 2159 1003 2201 Χαναναίοις]
1028 2158 1083 2193 ed.
1108 2168 1162 2203 pr.
1187 2158 1417 2203 χαναναίοισ
1442 2151 1503 2192 οἷσ
1528 2154 1632 2190 codd.
1657 2156 1694 2189 et
1717 2155 1759 2189 ut

91 2215 166 2251 uid.
191 2215 274 2259 Lat,
297 2216 336 2251 in
361 2227 430 2262 quo
455 2216 664 2252 chananeos
690 2226 782 2262 quos
806 2215 927 2250 hebrei
951 2215 1097 2261 saepius
1120 2216 1397 2260 eaepuqnassent
1542 2214 1560 2245 S
1583 2212 1647 2246 καὶ
1671 2213 1758 2246 Βεν-

91 2275 305 2316 ιαμιτῶν-
321 2275 361 2307 10
386 2270 548 2319 ἄριστοι]
575 2272 788 2308 benz'amitae
811 2281 898 2306 uero
923 2269 1128 2306 habuerunt
1154 2269 1290 2314 uiqz'nti
1319 2269 1478 2314 quinque
1509 2267 1608 2302 milla
1639 2277 1758 2301 arma-

92 2332 210 2364 torum
234 2333 269 2364 et
293 2328 448 2364 aliorum
472 2332 746 2369 sexcentorum,
772 2327 836 2373 que·
857 2327 1014 2362 sinistris
1038 2325 1203 2361 manibus
1227 2325 1277 2360 acl
1297 2323 1515 2371 fundibulas
1539 2323 1758 2358 uidebantur

91 2384 237 2431 experti
259 2384 332 2420 Lat
427 2387 491 2420 καὶ
515 2395 582 2419 0111.
607 2383 736 2420 MSPL
839 2385 1082 2427 Βενιαμιτῶν]
1108 2383 1325 2427 βενιαμίται
1348 2382 1379 2416 L
1487 2376 1532 2416 τὸ
1560 2375 1758 2416 ὁπλιτικὸν

91 2435 137 2488 ἧν
166 2437 255 2482 ὑπὸ]
287 2436 324 2476 δ’
351 2437 547 2477 ὁπλιτικὸν
575 2436 649 2476 ὑπὸ
682 2440 735 2474 SP
769 2434 804 2475 δ’
832 2436 998 2475 ὁπλιτῶν
1028 2435 1104 2474 ὑπὸ
1137 2439 1177 2473 Μ
1208 2439 1246 2475 δὲ
1279 2435 1383 2484 εἶχον
1415 2432 1612 2473 ὁπλιτικὸν
1636 2435 1666 2469 L

93 2500 113 2533 9
138 2498 348 2544 δυσμυρίων
371 2497 442 2531 ML
515 2499 555 2531 10
580 2499 714 2537 λαιαῖς]
739 2498 845 2532 λεαῖσ
869 2495 909 2530 Μ
933 2490 1080 2531 adelam
1102 2494 1168 2530 RO
1239 2495 1463 2541 σφενδονᾶν,
1489 2494 1513 2529 ἆ
1539 2502 1630 2527 corr.
1656 2501 1702 2526 ex
1727 2505 1756 2527 ω

92 2553 166 2588 uid.
181 2553 206 2589 S
230 2550 454 2599 σφενδόναν,
479 2566 500 2587 ν
517 2552 764 2597 antedsuppl.
779 2552 818 2586 M
890 2554 927 2585 11
955 2551 1197 2598 *γενομένης]
1221 2547 1483 2597 πρὸστῆνησΟ
1553 2547 1758 2595 τρέπουσιν

93 2620 139 2645 ex
162 2620 253 2645 corr.
279 2609 319 2644 M
433 2607 549 2651 *τοὺς
571 2603 800 2655 Ἰσραηλίτας
825 2606 861 2643 οἱ
878 2610 1107 2652 Βενιαμῖται]
1132 2603 1226 2643 τοὺσ
1241 2607 1467 2654 βενιαμίτασ
1492 2604 1529 2641 οἱ
1545 2604 1757 2650 ἰσραηλίται

91 2699 148 2734 Μ1
172 2698 209 2736 οἳ
231 2699 448 2746 βενιαμίται
471 2695 564 2734 τοὺσ
589 2697 810 2744 ἰσραηλίτασ
835 2697 875 2731 Μ
899 2708 944 2732 ex
968 2707 1061 2732 corr.
1135 2700 1175 2730 12
1201 2698 1281 2737 *τε]
1307 2696 1345 2732 δὲ
1361 2695 1425 2731 RO
1495 2673 1714 2730 *πίπτουσῖ
1729 2692 1757 2727 Ρ

205 2753 275 2798 *ἐξ
296 2765 364 2790 0111.
390 2754 461 2789 ML
570 2755 823 2801 *δυσμυρίουσ
848 2754 878 2788 L
989 2755 1029 2787 13
1054 2747 1089 2788 δ’
1114 2752 1145 2787 L
1256 2755 1295 2787 15
1321 2749 1445 2792 πόλιν]
1470 2750 1568 2786 ἰδίαν
1592 2747 1704 2786 πόλιν
1728 2748 1758 2783 Ο

207 2814 247 2845 17
273 2813 337 2847 καὶ
361 2807 568 2856 θνήσκουσι
591 2810 701 2845 iterat
725 2809 764 2843 M
836 2811 875 2844 18
901 2804 971 2844 τὸν
995 2806 1131 2853 φόνον]
1159 2819 1227 2844 0111.
1251 2808 1356 2842 LLat
1380 2804 1450 2843 τὸν
1474 2803 1603 2853 φόβον
1627 2805 1667 2839 Μ

91 2865 284 2910 ἐξέλειπον
307 2867 347 2902 Μ
439 2863 785 2912 *παραγενόμενοι]
811 2862 1076 2911 παραγόμενοι
1091 2864 1132 2898 Μ
1226 2866 1266 2898 19
1292 2860 1466 2910 *βεθήλα
1491 2862 1530 2896 Μ
1553 2857 1699 2908 βεθηλὰ
1723 2860 1758 2897 R

91 2926 238 2971 βεθηλᾶ
262 2923 292 2958 Ο
317 2923 485 2970 βαίθηλα
510 2922 541 2957 L
567 2922 700 2958 behlem
723 2922 796 2957 Lat
875 2917 1170 2957 *νϊστεύσαντεσ
1194 2919 1227 2954 R.
1305 2921 1347 2953 20
1372 2914 1617 2965 *ἀρχιερέως-1
1641 2927 1759 2952 sacer-

92 2979 210 3014 dotem
234 2979 306 3014 Lat

1422 3030 1489 3066 21*

1789 743 1868 784 156

1789 945 1867 985 157

1788 1214 1867 1255 158

1787 1484 1867 1525 159
