2060 3475
855 214 1048 249 Praefatio.
1704 217 1784 251 Lxx

129 329 295 384 probari
334 327 579 370 academiae
615 328 947 371 vindobonensis
988 330 1224 381 consilium,
1266 344 1372 383 quae
1415 331 1540 372 etiam
1585 330 1691 374 hanc
1723 331 1784 373 lo-

128 396 248 451 sephi
296 396 528 439 uersionem
570 397 676 438 inter
706 397 909 438 ecclcsiae
942 402 1080 451 patres
1123 398 1274 439 latinos
1318 406 1461 440 extare
1503 398 1650 451 uoluit;
1692 412 1787 440 nani

129 471 325 519 separata
365 464 492 507 editio
535 464 725 518 paranda
771 471 833 506 est
874 478 954 507 non
1001 479 1091 507 cum
1135 466 1313 520 losepho
1359 480 1510 519 gracco
1555 467 1787 509 coniuncta.

129 546 254 586 quam
289 533 358 585 qui
391 532 553 586 fecerit,
594 546 698 586 opus
729 546 808 574 non
842 533 1019 587 losepho
1060 533 1195 575 solum
1235 533 1309 576 sed
1341 535 1467 576 etiam
1511 535 1606 577 aliis
1639 534 1788 577 litteris

130 601 233 644 utile
266 600 420 642 feccrit.
483 600 615 641 latent
647 601 756 641 enirn
790 601 830 642 in
862 614 914 643 ea
944 601 1146 644 reconditi
1178 614 1253 643 nec
1284 616 1309 644 a
1331 616 1542 656 quoquam
1577 602 1789 658 conspecti

132 668 291 712 flosculi
313 669 473 720 aliquot
495 668 714 710 latinitatis
739 669 934 723 uulgaris,
968 682 1076 721 quae
1100 668 1223 711 hodie
1254 673 1371 710 tanto
1393 669 1533 712 studio
1556 670 1789 712 adamatur.

131 738 258 780 etiam
290 737 344 778 ad
376 735 600 790 Iosephum
633 735 941 779 emendandum
975 743 1014 778 et
1046 736 1345 779 recensendum
1379 750 1431 779 ex
1464 752 1573 780 noua
1605 738 1789 780 editione

130 805 308 848 fortasse
351 805 471 859 plura
512 805 707 847 euenient
747 818 871 857 quam
912 819 991 858 ego
1032 819 1083 847 ex
1116 804 1233 846 libris
1266 805 1369 846 ineis
1402 818 1629 859 excerpere
1661 807 1790 861 potui,

132 885 387 927 quamquam
421 873 550 914 multa
582 871 679 914 inde
711 886 933 914 accessura
964 886 1057 915 esse
1088 886 1168 915 non
1200 872 1462 915 crediderim.

251 942 438 982 Transeo
482 954 589 982 nunc
632 939 686 981 ad
727 941 950 995 epitoniam
981 940 1072 993 (E),
1105 941 1221 982 euius
1252 941 1557 991 auctoritatem,
1601 942 1678 984 etsi
1709 956 1792 984 non

132 1009 317 1051 maxima
341 1014 414 1060 est,
449 1015 588 1050 tamen
620 1022 700 1050 non
732 1007 1011 1062 spernendam
1044 1020 1136 1050 esse
1165 1009 1225 1050 eis
1253 1021 1361 1061 quae
1385 1009 1669 1063 disputaturus
1700 1023 1790 1052 sum

132 1076 323 1119 etficitur.
385 1083 510 1128 atque
543 1090 590 1119 eo
623 1076 773 1118 similis
805 1076 989 1129 epitoma
1021 1080 1084 1117 est
1115 1076 1279 1129 Latino,
1314 1077 1426 1130 quod
1458 1091 1539 1118 non
1572 1078 1665 1132 ipsa
1695 1078 1791 1120 scri-

132 1145 264 1199 ptoris
305 1144 436 1187 uerba
467 1143 615 1196 tradit,
656 1143 731 1185 sed
773 1157 825 1186 ex
867 1143 927 1185 eis
969 1143 1169 1186 deriuata.
1232 1158 1306 1186 nec
1338 1145 1474 1186 solum
1508 1146 1639 1187 multa
1670 1145 1711 1187 in
1743 1158 1793 1187 ea

134 1212 392 1263 omittuntur,
433 1212 547 1253 uelut
586 1211 798 1254 orationes
839 1211 1018 1253 aliorum
1059 1212 1308 1266 scriptorum
1348 1212 1427 1254 loci
1469 1213 1638 1265 aliaque
1685 1225 1793 1266 quae

135 1278 349 1322 abundare
380 1279 643 1332 uidebantur,
676 1278 752 1320 sed
775 1279 902 1321 etiam
934 1279 1236 1321 sententiarum
1268 1280 1369 1322 ordo
1392 1281 1643 1334 singulaque
1666 1280 1795 1322 uerba

136 1353 297 1389 mutata
326 1352 434 1399 sunt,
466 1346 674 1399 quaedam
707 1361 805 1389 uero
838 1347 966 1388 etiam
998 1346 1225 1400 adiecta.¹)
1287 1361 1416 1402 quare
1447 1349 1656 1403 epitomae
1694 1360 1793 1401 quo-

136 1428 216 1469 que
257 1427 307 1457 ea
337 1418 498 1456 tantum
538 1414 579 1456 in
620 1415 698 1456 hae
738 1414 921 1457 editione
965 1415 1236 1458 memoranda
1267 1420 1374 1469 sunt,
1417 1429 1526 1469 quae
1568 1429 1619 1458 ex
1651 1414 1794 1457 codice

136 1496 218 1536 quo
251 1495 348 1524 usus
380 1487 443 1524 est
474 1482 725 1536 epitomator
755 1487 922 1537 sumpta
953 1496 1045 1525 esse
1079 1483 1302 1525 uideantur
1333 1488 1405 1525 aut
1436 1483 1491 1526 ad
1524 1497 1618 1526 eum
1644 1496 1795 1537 cogno-

135 1549 338 1592 scendum
370 1550 507 1592 facere
539 1549 711 1603 possint.
776 1550 846 1602 qui
884 1551 981 1592 talis
1012 1550 1108 1604 fuit,
1140 1557 1185 1593 ut
1216 1551 1330 1593 haud
1361 1552 1519 1594 inutilis
1551 1552 1605 1593 sit
1645 1551 1700 1593 ad
1731 1551 1798 1593 Io-

135 1618 313 1673 sephum
353 1617 683 1671 emendandum3
739 1622 835 1660 sunt
875 1619 1007 1670 enim,
1055 1633 1162 1673 quae
1203 1620 1294 1662 sola
1334 1620 1517 1673 epitome
1556 1619 1796 1673 incorrupta

137 1686 326 1728 seruarit.
388 1691 432 1728 ut
461 1686 481 1726 Ι
512 1689 564 1726 44
596 1685 763 1728 codices
794 1685 944 1729 uitiose
984 1681 1090 1728 ὅσον
1122 1686 1224 1728 dant
1254 1691 1327 1729 aut
1359 1681 1488 1738 ὅσων,
1532 1686 1644 1740 quod
1675 1686 1796 1729 intel-

136 1754 219 1808 legi
261 1766 344 1795 non
382 1757 541 1807 potest,
584 1767 726 1796 uerum
767 1749 827 1801 ὡς
866 1748 925 1794 ὧν
955 1754 998 1796 in
1029 1753 1063 1795 E
1096 1759 1170 1797 est.
1232 1755 1370 1797 eidem
1408 1755 1471 1797 III
1504 1757 1555 1797 80
1596 1754 1798 1798 debemus

136 1819 362 1875 κατῄγιζον
401 1820 442 1862 in
474 1821 668 1862 omnibus
700 1820 872 1874 reliquis
904 1821 1020 1864 uario
1054 1822 1178 1865 modo
1209 1828 1461 1878 corruptum.
1512 1828 1677 1878 partem
1710 1822 1799 1865 ueri

136 1889 171 1930 E
204 1888 331 1930 habet
360 1887 417 1930 VI
449 1889 522 1940 57,
561 1902 655 1930 cum
695 1889 826 1931 uerba
864 1884 1028 1942 μόσχον
1062 1883 1086 1945 ἢ
1116 1886 1365 1945 πρόβατον,
1407 1905 1516 1945 quae
1548 1892 1639 1934 sine
1669 1890 1797 1934 dubio

134 1956 277 2011 spuria
307 1960 421 2010 sunt,
462 1956 604 2010 paullo
644 1957 728 1999 alio
760 1958 905 2001 ordine
936 1957 1138 2001 exhibeat
1167 1972 1218 2000 ae
1249 1959 1390 2002 ceteri.
1453 1959 1508 2002 VI
1540 1962 1621 2001 289
1652 1958 1800 2012 (μῖσος

135 2020 284 2065 ἄδικον
315 2047 369 2052 ——
398 2020 494 2064 κατ’
532 2022 655 2077 ἐμοῦ)
695 2027 887 2081 τρέφων,
929 2025 1044 2079 quod
1082 2027 1266 2081 epitoma
1298 2027 1445 2082 habet,
1488 2028 1619 2070 multo
1651 2027 1800 2069 melius

135 2095 200 2134 est
238 2104 363 2144 quam
403 2091 659 2144 reliquorum
692 2095 852 2148 φέρων.
912 2093 991 2135 VII
1022 2097 1102 2135 235
1135 2095 1300 2138 codices
1335 2109 1429 2138 eum
1460 2096 1610 2138 Latino
1643 2091 1800 2151 ἡσθεὶς

138 2158 184 2201 δὲ
214 2160 267 2214 τῇ
299 2159 544 2215 συμβουλίᾳ
574 2159 734 2216 neom),-
776 2160 852 2203 sed
893 2161 1030 2216 magis
1068 2166 1213 2217 aptum
1253 2176 1347 2206 esse
1383 2169 1562 2217 apparet
1592 2164 1801 2212 πεισθεὶς

137 2226 250 2280 quod
279 2227 313 2268 E
346 2226 711 2281 habetquodque
748 2230 984 2272 coniecerat
1015 2231 1171 2273 Naber.
1222 2230 1405 2285 denique
1435 2231 1498 2273 IX
1529 2234 1608 2273 290
1650 2230 1800 2283 διδαχ-

136 2297 313 2345 θέντες,
351 2294 464 2347 quod
494 2295 678 2339 editores
708 2296 963 2339 recentiores
994 2301 1108 2341 reete
1139 2302 1388 2353 receperunt
1399 2331 1409 2352 ‚
1441 2313 1494 2341 ex
1525 2300 1558 2340 E
1589 2305 1802 2353 sumptum

138 2367 215 2416 est,
247 2375 427 2415 quaeum
459 2363 666 2406 consentit
687 2364 881 2418 Latinus;
914 2365 1082 2408 codices
1113 2367 1257 2421 graeci
1277 2365 1333 2408 ad
1364 2381 1494 2409 unum
1524 2380 1667 2409 omnes
1698 2382 1801 2418 ταχ-

137 2432 293 2480 θέντες
333 2430 546 2473 exhibent.
615 2436 657 2474 et
703 2432 791 2474 eius
838 2432 1007 2485 quidem
1049 2433 1242 2476 codicum
1279 2434 1444 2487 generis
1483 2439 1546 2477 est
1584 2434 1638 2487 E,
1684 2434 1802 2477 euius

138 2498 427 2552 MSPLVLat,
466 2498 579 2552 quod
614 2499 796 2542 cernitur
834 2500 877 2542 in
906 2501 998 2544 loco
1037 2513 1164 2556 supra
1193 2507 1424 2545 memorato
1458 2502 1535 2543 VII
1568 2504 1648 2544 390
1688 2501 1801 2544 aliis-

256 2646 283 2683 1)
310 2642 355 2676 cf.
382 2642 644 2686 praefationem
675 2645 845 2681 editionis
876 2647 1055 2691 epitomae
1094 2646 1270 2681 fasciculo
1307 2646 1422 2691 primo
1458 2645 1692 2690 praemissam
1725 2658 1761 2691 p.
1787 2646 1803 2681 I

140 2698 200 2740 (ad
225 2698 481 2734 celebrandum
497 2700 726 2744 imperatoris
744 2701 838 2736 diem
854 2702 1012 2737 natalem
1025 2702 1214 2746 Marburgi
1232 2703 1365 2738 editam
1384 2713 1478 2737 anno
1498 2704 1608 2743 1537).
1648 2703 1802 2738 maxime

139 2755 385 2789 memorabilia
417 2759 518 2799 sunt,
552 2767 642 2801 quae
674 2758 815 2793 addidit
839 2758 1055 2802 epitomator
1078 2759 1096 2793 I
1124 2761 1197 2793 128.
1227 2761 1301 2793 138.
1351 2759 1473 2803 paullo
1499 2758 1605 2794 aliter
1629 2769 1668 2794 se
1691 2760 1804 2795 habet

138 2809 299 2854 V11187,
323 2812 384 2846 ubi
408 2811 445 2846 in
471 2812 628 2857 epitoma
653 2816 724 2848 est:
750 2812 952 2861 πληρώσας
977 2815 1015 2851 δὲ
1040 2809 1174 2857 ἱῖὁατος
1199 2810 1335 2856 αι’-τούς
1360 2828 1400 2850 τε
1424 2816 1487 2850 καὶ
1512 2812 1580 2861 τὴν
1604 2813 1804 2853 θάλασσαν

140 2862 206 2911 τὴν
230 2866 298 2910 μὲν
322 2863 528 2911 ἀπέδειξεν,
554 2871 653 2914 apud
676 2870 869 2915 Iosephum
893 2882 998 2906 uero:
1032 2869 1232 2917 πληρώσας
1257 2871 1293 2907 δὲ
1319 2865 1454 2912 ἱῗδατος
1478 2868 1545 2917 τὴν
1569 2872 1637 2916 μὲν
1662 2870 1803 2909 θάλασ-

143 2934 213 2957 σαν
244 2920 420 2966 ἀπέδειξε.
470 2925 520 2960 VI
547 2928 609 2960 140
640 2922 707 2972 τὴν
739 2929 815 2962 τῶν
847 2928 1040 2971 πολεμίων
1062 2926 1194 2974 χώραν
1227 2927 1373 2963 exhibet
1396 2927 1448 2970 E,
1482 2927 1611 2972 quibus
1637 2929 1804 2974 suppleta

142 2981 226 3013 sunt
249 2990 340 3023 quae
364 2980 402 3014 M
427 2980 536 3015 habet
562 2978 627 3027 τὴν
652 2985 730 3018 τῶν
754 2984 957 3027 πολεμίων.
