2170 3475
353 245 506 281 XXXIV
1083 236 1279 272 Praefatio.

357 360 496 414 quitus
526 357 723 400 traditum
755 365 848 397 esse
879 355 1112 394 ceterorum
1142 349 1336 393 codicum
1359 348 1610 393 auctoritate
1631 348 1909 393 confirmatur.
1961 361 2016 391 ex

356 427 422 469 his
453 425 577 480 igitur
607 421 682 464 ἐπὶ
713 419 894 468 τούτους
925 415 1131 471 ἐλάμψας
1161 417 1382 460 elementis
1411 417 1536 460 aliter
1564 416 1808 472 compositis
1839 414 2017 459 efficitur

357 492 430 535 ἐπὶ
462 490 616 533 τούτου
647 486 912 541 Σελάμψας,
946 498 1027 538 quo
1057 484 1169 527 facto
1199 483 1245 526 id
1275 484 1421 540 adepti
1450 497 1618 538 sumus,
1656 484 1770 538 quod
1801 483 2015 527 desidera-

355 562 494 611 batur,
526 563 567 601 et
595 557 707 610 regis
736 567 887 597 nomen
919 556 960 596 et
988 551 1240 595 sententiam
1271 551 1442 605 bonam3
1484 565 1583 594 nam
1614 551 1771 607 optime
1800 551 1882 594 hoc
1911 550 2017 594 (licit

354 626 465 681 regis
495 624 661 667 Elulaei
690 628 878 676 tempore
910 620 1177 674 Selampsam
1206 620 1476 673 Assyriorum
1506 632 1650 673 regem
1680 632 1847 663 omnem
1879 617 2016 661 Phoe-

354 694 506 737 niciam
543 692 657 735 bello
693 689 912 733 inuasisse.
972 685 1086 739 quod
1125 700 1220 728 cum
1254 685 1329 728 Ro
1368 687 1448 729 soli
1487 687 1695 730 seruarint
1733 686 1846 730 omni
1887 685 2017 728 laude

355 761 472 816 digni
493 763 599 802 sunt.
651 757 778 801 ceteri
798 769 898 798 uero
920 754 1144 797 MSPLVE
1165 767 1260 796 cum
1282 753 1434 796 Latino
1458 754 1571 807 quod
1591 754 1749 798 habent
1769 753 1875 797 nihil
1898 751 2018 795 aliud

355 842 449 871 esse
479 826 644 869 uidetur
681 825 761 868 nisi
798 823 1060 876 coniectura,
1107 834 1201 864 cum
1247 821 1359 864 enim
1404 821 1568 864 librarii
1607 835 1691 865 non
1720 821 2018 874 intellegerent

356 894 572 949 ἔλαμψας,
590 894 862 948 reposuerunt
878 892 1077 944 πέμψας.
1119 893 1304 933 ceterum
1324 888 1567 942 Σελάμψας
1587 903 1741 933 nouum
1764 892 1828 931 est
1847 900 2020 941 nomen,

357 976 437 1017 quo
480 963 792 1005 Salmanassem
833 957 1060 1014 significari
1103 961 1144 1000 et
1185 956 1390 1011 Iosephus
1433 960 1610 999 testatur
1649 960 1690 1000 et
1731 957 1898 1000 litterae
1942 954 2017 998 do-

356 1035 460 1073 cent.
486 1053 539 1059 -—
569 1029 689 1071 Alius
725 1028 842 1070 locus
881 1030 943 1069 est
982 1026 1054 1068 lib.
1086 1025 1128 1067 X
1158 1027 1183 1077 ξ
1205 1027 1285 1066 ’266
1328 1024 1403 1067 ubi
1438 1024 1645 1078 Iosephus
1686 1024 1879 1067 Danielis
1924 1037 2018 1079 pro-

355 1099 508 1153 phetae
547 1096 694 1139 laudes
738 1094 1006 1150 persequitur
1047 1092 1186 1136 hisce:
1232 1088 1356 1142 ἄξιον
1397 1091 1443 1133 δὲ
1482 1086 1670 1146 τάνδρὸς
1699 1090 1856 1133 τούτου
1887 1091 1962 1133 καὶ
1993 1088 2016 1132 ὃ

354 1160 533 1219 μάλιστ)
584 1157 635 1206 ἂν
680 1161 915 1216 θαι-μᾶσαι
946 1176 1015 1210 τις
1057 1155 1246 1209 ἀκούσας
1286 1159 1507 1202 διελθεῖν·
1556 1153 1735 1201 ἅπαντα
1774 1157 1857 1214 γὰρ
1899 1153 2019 1213 αὐτῷ

356 1232 621 1288 παραδόξως
663 1227 723 1280 (ὗς
767 1228 832 1272 ἑνί
875 1246 963 1271 τινι
1008 1229 1095 1269 τῶν
1139 1231 1356 1282 μεγίστων
1402 1222 1618 1284 εὖττχήθι]
1659 1227 1904 1283 προφητῶν
1944 1226 2018 1268 καὶ

355 1299 479 1354 παρὰ
509 1298 584 1342 τὸν
614 1301 691 1355 τῆς
722 1297 832 1353 ζωῆς
859 1295 1015 1352 χρόνον
1044 1294 1146 1350 τιμή
1179 1311 1226 1337 τε
1247 1295 1319 1337 καὶ
1342 1293 1448 1344 δόξα
1479 1292 1502 1349 ἡ
1536 1293 1659 1350 παρὰ
1690 1295 1777 1337 τῶν
1797 1294 2019 1348 βασιλέων

355 1370 427 1410 καὶ
458 1369 535 1410 τοῦ
566 1366 783 1422 πλήθους,
814 1366 887 1407 καὶ
917 1362 1179 1418 τελευτήσας
1211 1362 1257 1405 δὲ
1288 1361 1458 1419 μνήμην
1482 1358 1662 1405 αἰώνιον
1685 1361 1785 1415 ἔχει.
1830 1376 1928 1404 nam
1959 1361 2022 1405 ita

357 1436 462 1478 haec
493 1435 620 1490 uulgo
652 1434 831 1478 eduntur
867 1436 913 1476 ut
944 1433 1103 1475 habent
1134 1431 1300 1474 codices
1333 1429 1473 1472 SPLV
1492 1429 1542 1484 ¹),
1587 1442 1665 1472 nec
1706 1429 1825 1473 aliud
1862 1429 2021 1484 legisse

357 1503 521 1546 uidetur
553 1502 746 1553 LatinuS,
786 1514 865 1544 nec
896 1500 1188 1543 Theodoretus
1227 1499 1270 1540 in
1307 1498 1532 1542 Danielem
1570 1497 1672 1552 (uol.
1702 1498 1744 1540 H
1774 1512 1814 1553 p.
1838 1500 1918 1540 697
1951 1496 2020 1540 ed.

357 1570 524 1623 Paris.)‚
553 1570 634 1612 nisi
656 1569 767 1623 quod
798 1567 912 1623 apud
933 1568 1043 1610 hunc
1070 1581 1152 1610 non
1184 1560 1414 1621 εὐτυχήθη,
1447 1565 1523 1608 sed.
1554 1563 1768 1621 ἐχαρίσθη
1799 1564 2020 1620 reperitur.

359 1638 434 1682 sed
455 1639 564 1681 hanc
583 1637 834 1680 sententiam
856 1640 967 1678 stare
989 1649 1071 1678 non
1091 1647 1216 1690 posse
1236 1633 1449 1677 neminem
1477 1633 1622 1688 fugiet,
1654 1633 1854 1687 quoniam
1884 1633 2023 1676 altera

360 1707 449 1750 eius
480 1719 577 1761 pars
598 1705 764 1747 omnino
798 1702 966 1746 claudet
996 1708 1037 1746 et
1067 1717 1116 1746 eo
1148 1706 1263 1745 caret
1292 1701 1435 1754 uerbo,
1468 1713 1550 1754 quo
1583 1714 1726 1744 carere
1755 1713 1838 1744 non
1867 1703 2020 1755 potest.

359 1774 523 1817 accedit
555 1772 667 1827 quod
698 1785 847 1826 parum
878 1776 977 1825 apte
998 1771 1168 1813 Danieli
1199 1771 1315 1813 laudi
1337 1770 1514 1823 ducitur,
1547 1768 1661 1822 quod
1683 1769 1722 1812 ei
1744 1767 1887 1811 omnia
1912 1768 2021 1811 bene

360 1843 585 1884 cessissent
615 1846 660 1883 ut
691 1840 760 1882 uni
791 1853 813 1882 c
845 1839 1039 1881 maximis
1066 1838 1297 1893 prophetis,
1330 1851 1425 1880 cum
1447 1838 1539 1892 ipse
1561 1836 1687 1879 fuerit
1707 1849 1896 1879 summus
1925 1849 2022 1890 pro-

360 1910 499 1964 pheta.
547 1922 672 1961 quam
704 1908 909 1950 offensam
940 1911 1156 1949 remouent
1187 1905 1354 1950 codices
1383 1904 1471 1955 Ro,
1503 1905 1546 1947 in
1575 1904 1728 1958 quibus
1758 1917 1842 1946 non
1874 1907 2023 1946 extant

360 1977 491 2020 uerba
536 1972 748 2031 εἰ-τι-χήθῃ
797 1975 1049 2030 προφητῶν.
1119 1974 1270 2027 quibus
1315 1973 1482 2016 omissis
1533 1985 1791 2026 quamquam
1838 1971 2021 2013 maiores

360 2045 509 2087 turbae
531 2044 705 2085 excitari
727 2042 932 2095 uidentur,
966 2048 1105 2085 tamen
1125 2042 1250 2084 facile
1281 2041 1637 2096 recuperabimus,
1668 2038 1782 2093 quod
1813 2039 2019 2092 uolumus,

361 2113 397 2155 si
436 2106 612 2153 ἅπαντα
650 2112 692 2152 in
733 2107 910 2165 ἀπαντᾷ
951 2109 1328 2164 commutabimus,
1373 2121 1456 2162 quo
1495 2109 1605 2151 facto
1642 2106 1876 2150 sententiae
1918 2105 2021 2149 ordo

362 2179 592 2222 restituitur
622 2179 738 2220 talis:
772 2173 947 2233 ἀπαντᾷ
976 2176 1057 2232 γὰρ
1084 2172 1203 2232 (τί-τῷ
1234 2201 1287 2206 -
1308 2177 1379 2218 καὶ
1413 2174 1535 2231 παρὰ
1566 2174 1643 2217 τὸν
1673 2176 1750 2230 τῆς
1782 2173 1892 2231 ζωῆς
1919 2171 2024 2227 χρό-

364 2263 436 2289 νον
467 2245 568 2302 τιμή
605 2261 647 2287 τε
692 2247 760 2286 καὶ
801 2244 907 2294 ὀόξα
937 2268 991 2274 -—
1021 2246 1091 2287 καὶ
1125 2243 1386 2300 τελευτήσας
1418 2243 1464 2285 δὲ
1503 2242 1674 2300 μνήμην
1708 2241 1888 2284 αἰώνιον
1919 2240 2021 2294 ἔχει,

363 2315 531 2368 qualem
563 2313 786 2367 Iosephum
818 2312 985 2354 dedisse
1016 2314 1170 2366 putofl)
1231 2318 1272 2356 et
1302 2312 1370 2354 hic
1401 2324 1568 2365 quoque
1599 2325 1682 2354 non
1714 2310 1885 2363 dubito,
1923 2309 2025 2363 quin

363 2383 438 2425 illa
469 2377 681 2436 εὐτυχήθη
728 2381 969 2436 προφητῶν
1008 2381 1076 2422 uel
1114 2379 1327 2436 ἐχαρίσθη
1370 2380 1635 2435 προφητῶν,
1675 2391 1786 2432 quae
1815 2377 1858 2420 in
1891 2376 2025 2430 Regio

365 2457 405 2493 et
427 2449 658 2492 Oxoniensi
690 2449 945 2500 omittuntur,
979 2461 1003 2489 a
1034 2449 1216 2490 librariis
1248 2462 1300 2491 ex
1331 2448 1573 2491 coniectura
1603 2446 1751 2489 addita
1775 2445 1878 2499 sint3
1911 2448 2022 2499 post-

365 2531 489 2571 quam
521 2517 630 2560 enim
663 2511 840 2570 ἀπαντᾷ
871 2515 911 2556 in
945 2510 1120 2555 ἅπαντα
1151 2515 1255 2557 abiit
1285 2520 1523 2569 corruptam
1550 2514 1802 2557 sententiam
1825 2525 1876 2555 eo
1897 2510 2024 2555 modo

364 2584 589 2628 emendare
619 2583 700 2625 sibi
731 2582 992 2625 uidebantur.

477 2651 763 2694 Memorabilis
793 2656 856 2692 est
888 2650 992 2691 libro
1027 2650 1041 2690 Ι
1075 2656 1095 2697 ς’
1120 2653 1169 2689 ⁸2
1189 2663 1280 2704 sqq.
1311 2664 1514 2692 annorum
1545 2648 1802 2705 computatio
1814 2681 1824 2701 ,
1866 2646 1938 2700 qui
1970 2647 2025 2689 ab

365 2721 481 2763 initio
514 2718 655 2761 mundi
687 2731 818 2771 usque
851 2717 905 2759 ad
937 2717 1141 2759 diluuium
1174 2723 1214 2758 ct
1244 2723 1432 2771 tempora
1464 2719 1581 2760 Noae
1620 2718 1803 2770 fuerunt3
1846 2728 2025 2769 quorum

484 2890 512 2922 1)
538 2887 572 2920 in
600 2887 637 2920 M
662 2888 752 2920 haec
777 2896 847 2920 11011
873 2887 1008 2919 extant.

481 2947 511 2976 2»
538 2946 650 2977 restat
674 2942 881 2987 corruptela
906 2942 942 2976 in
975 2939 1096 2975 uerbis
1123 2936 1171 2981 ὡς
1197 2939 1250 2974 ἔνι’
1277 2953 1342 2974 τινι
1373 2942 1446 2974 τῶν
1470 2942 1676 2986 μεγίστων,
1713 2949 1806 2985 quae
1835 2937 2028 2974 emendare

366 3009 438 3034 non
463 3010 619 3043 possum.
