2091 3418
578 228 740 272 ANTIQ.
766 228 860 263 IUD.
888 228 919 263 V
946 231 1278 271 121—126(112.a)
1676 227 1754 264 317

91 342 268 397 βασιλεῖ
287 343 374 384 τῶν
393 343 646 398 Ζεβεκηνῶν
661 337 982 398 Ἀδωνιζεβέκῳ
999 341 1076 398 τὴν
1094 339 1328 397 ᾗγεμονίαν
1346 342 1684 397 ἐπιτρέψαντες·
1707 340 1755 383 τὸ

94 409 141 451 δὲ
171 405 311 463 ὄνομα
332 411 460 451 τοῦτο
491 413 694 465 σημαίνει
723 412 976 466 Ζεβεκηνῶν
1006 409 1174 463 κύριος·
1208 405 1343 451 ἀδωνὶ
1366 409 1448 464 γὰρ
1474 412 1521 466 τῇ
1549 407 1758 464 Ἑβραίων

94 476 307 532 διαλέκτῳ
337 475 485 531 κύριος
514 480 703 531 γίνεται·
734 473 922 532 ἤλπιζόν
943 493 990 518 τε
1020 475 1252 531 κρατήσειν
1276 479 1363 518 τῶν
1380 473 1660 533 Ἰσραηλιτῶν
1683 476 1758 519 διὰ

91 542 141 586 τὸ
174 543 390 586 τεθνάναι
416 538 594 600 Ἰησοῦν.
657 544 948 598 συμμίξαντες
979 544 1025 586 δὲ
1057 539 1208 593 αὐτοῖς
1233 539 1498 600 Ἰσραηλῖται
1530 553 1627 594 ταῖς
1659 545 1758 588 δυσὶ

94 611 256 667 φυλαῖς
288 609 358 660 αἷς
389 619 609 666 προεῖπον
642 611 910 665 ἐμαχέσαντο
943 613 1158 665 λαμπρῶς
1180 612 1250 653 καὶ
1273 615 1491 653 κτείνουσι
1513 612 1592 664 μὲν
1614 607 1759 654 αὐτῶν

92 675 205 733 ὑπὲρ
235 682 429 732 μυρίοι-ς,
461 678 730 734 τρεψάμενοι
765 680 811 721 δὲ
842 679 890 721 τὸ
925 678 1085 721 λοιπὸν
1115 680 1188 720 καὶ
1221 678 1452 727 διώκοντες
1483 679 1658 731 αἱροῦσι
1681 678 1758 721 τὸν

93 740 447 799 Ἀδωνιζέβεκον,
480 745 529 795 ὃς
561 742 943 804 ἀκρωτηριασθεὶς
973 742 1052 788 ὑπ’
1081 742 1223 788 αὐτῶν
1255 761 1404 803 φησιν,
1435 741 1564 798 ,,ἇλλ’
1591 742 1665 788 οὐκ
1697 746 1760 795 εἷς

92 812 142 855 τὸ
176 815 267 855 πᾶν
299 809 386 868 ἄρα
417 812 637 868 λήσεσθαι
669 813 778 856 θεὸν
810 813 990 867 ἔμελλον
1021 813 1127 856 τάδε
1157 815 1417 865 πεπονθώς,
1451 813 1478 855 ἃ
1504 813 1614 855 κατα
1638 814 1759 856 δυοῖν

93 882 164 922 καὶ
198 879 497 936 ἑβδομήκοντα
526 883 745 934 βασιλέων
786 881 954 936 πρᾶξαι
985 880 1202 935 πρότερον
1234 877 1310 923 οὐκ.
1342 879 1626 937 ἐνετράπην.“
1685 883 1758 923 καὶ

95 946 235 999 ζῶντα
265 947 344 1001 μὲν
375 947 626 1001 κομίζουσιν
663 948 744 998 ἕως
770 945 1104 1004 Ἱεροσολύμων,
1142 948 1462 1005 τελευτήσαντα
1501 948 1548 991 δὲ
1586 950 1638 1004 γῇ
1669 947 1759 990 θά-

94 1029 272 1057 πτουσι.
319 1016 390 1057 καὶ
425 1015 652 1071 διεξῄεσαν
685 1017 909 1071 αἱροῦντες
938 1015 1018 1066 τὰς
1042 1015 1210 1067 πόλεις,
1243 1017 1458 1066 πλείστας
1484 1031 1531 1057 τε
1552 1014 1762 1070 λαβόντες

95 1081 384 1134 ἐπολιόρκουν
411 1080 712 1137 Ἱεροσόλυμα·
751 1087 823 1127 καὶ
861 1083 938 1140 τὴν
977 1084 1056 1138 μὲν
1096 1084 1213 1126 κάτω
1255 1083 1464 1138 λαβόντες
1503 1082 1582 1125 σὺν
1617 1082 1762 1139 χρόνῳ

94 1150 268 1201 πάντας
300 1150 489 1192 ἔκτεινον
519 1150 621 1200 τους
652 1150 937 1203 ἐνοικοῦντας,
965 1149 1137 1207 χαλεπὴ
1173 1146 1212 1193 δ’
1238 1141 1290 1207 ἦν
1320 1148 1344 1207 ἡ
1368 1150 1661 1206 καθύπερθεν
1685 1145 1762 1192 αύ-

94 1226 189 1268 τοῖς
221 1217 457 1272 αἱρεθῆναι
488 1221 642 1271 τειχῶν
673 1214 903 1275 ὀχυρότητι
933 1220 1006 1261 καὶ
1038 1218 1170 1276 φύσει
1200 1221 1277 1261 τοῦ
1304 1223 1481 1274 χωρίου.

212 1288 250 1328 3.
271 1279 410 1328 ΓὈθεν
440 1286 934 1341 μετεστρατοπέδευσαν
966 1285 1029 1336 εἷς
1050 1288 1265 1341 Νεβρῶνα
1295 1289 1366 1329 καὶ
1398 1285 1558 1342 ταύτην
1590 1284 1762 1334 ἑλόντες

93 1356 313 1395 κτείνουσι
343 1351 536 1402 πάντας·
576 1350 843 1396 ὑπελείπετο
885 1353 931 1395 δὲ
961 1356 1048 1396 τῶν
1087 1353 1302 1409 γιγάντων
1334 1353 1399 1395 ἔτι
1428 1356 1571 1408 γένος,
1614 1355 1657 1395 οἳ
1689 1351 1762 1395 διὰ

96 1419 314 1474 σωμάτων
344 1422 512 1476 μεγέθη
545 1421 617 1462 καὶ
648 1419 826 1477 μορφὰς
858 1416 982 1463 οὐδὲν
1010 1430 1104 1471 τοῖς
1136 1418 1289 1471 ἄλλοις
1321 1416 1585 1476 ἀνθρώποις
1615 1437 1764 1476 παρα-

94 1488 290 1544 πλησίας
321 1486 576 1542 παράδοξον
609 1478 718 1543 ἦσαν
739 1491 892 1542 θέαμα
922 1489 992 1530 καὶ
1027 1487 1170 1531 δεινὸν
1202 1484 1413 1542 ἄκουσμα.
1475 1487 1695 1531 δείκνυται
1717 1488 1764 1530 δὲ

94 1555 166 1596 καὶ
200 1556 274 1596 νῦν
306 1553 370 1596 ἔτι
401 1554 568 1596 τούτων
599 1550 710 1597 ὀστᾶ
739 1556 874 1612 μηδὲν
894 1565 988 1605 τοῖς
1008 1553 1095 1598 ὑπὸ
1119 1555 1281 1598 πύστιν
1303 1554 1554 1611 ἐρχομένοις
1575 1555 1763 1599 ἐοικότα.

95 1623 168 1664 καὶ
200 1623 331 1664 τοῦτο
362 1621 441 1675 μὲν
471 1630 566 1671 τοῖς
589 1626 809 1672 Λευίταις
839 1622 1062 1679 ἐξαίρετον
1091 1626 1221 1679 γέρας
1252 1622 1411 1666 ἔδοσαν
1440 1622 1551 1677 μετὰ
1582 1625 1653 1666 καὶ
1676 1625 1764 1665 τῶν

210 1770 230 1810 ξ
258 1769 317 1801 121
346 1782 390 1794 =
414 1766 527 1802 Iudic.
553 1767 570 1802 Ι
595 1771 634 1811 5;
660 1768 680 1811 ξ
709 1771 770 1803 126
795 1784 839 1796 =
863 1767 977 1803 Iudic.
1002 1767 1019 1802 I
1045 1768 1210 1811 9,10sua
1235 1767 1321 1802 XXI
1349 1771 1401 1803 11.

210 1914 676 1952 ROMSPLELatZonaras
700 1914 719 1949 1
742 1925 777 1958 p.
794 1916 848 1948 81.
885 1913 1092 1958 Stephanus
1109 1913 1195 1958 Byz.
1213 1923 1241 1948 s.
1257 1913 1412 1961 Ζεβέκη.
1448 1913 1609 1949 Michael
1635 1914 1767 1959 Glycas

96 1982 133 2016 p.
159 1973 238 2006 305.
1547 1995 1566 2006 ..

214 2042 228 2073 1
265 2041 500 2085 Ζεβεκηνῶν]
530 2036 824 2082 ROMSESteph.
858 2038 1091 2083 ζεβεκηνῶν,
1120 2051 1144 2072 κ
1172 2037 1196 2072 i.
1221 2048 1293 2072 ras.
1319 2049 1365 2072 m.
1393 2040 1411 2071 2
1436 2037 1464 2072 P
1497 1997 1712 2084 ζβεβεκηνῶν
1737 2038 1768 2073 L

98 2093 373 2129 bezechz'norum
386 2095 459 2130 Lat
529 2090 808 2142 Ἀδωνιζεβέκῳ]
827 2088 943 2129 ιῖδωνὶ
963 2093 968 2137 Ι
989 2093 1146 2139 βεζέκω,
1162 2096 1208 2139 βε
1226 2094 1345 2139 suppl.
1359 2105 1404 2128 m.
1423 2097 1438 2128 1
1453 2094 1492 2128 M
1506 2089 1768 2140 α’δωνιβεζέκω

99 2149 236 2185 LLatE
262 2151 341 2185 cod.
366 2151 478 2186 Busb.
513 2145 516 2146 ⁷
584 2153 603 2185 2
628 2152 863 2197 Ζεβεκηνῶν]
888 2151 1102 2195 βεζεκηνιῦν
1126 2148 1199 2183 ΜΕ
1226 2151 1318 2191 (cod.
1344 2150 1468 2192 Busb.)
1493 2149 1769 2185 bezechinormn

98 2206 171 2241 Lat
273 2204 415 2243 *ἄδωνι
438 2206 502 2241 Ro
596 2208 615 2240 3
641 2205 832 2253 διαλέκτῳ]
856 2203 1003 2251 γλώττη
1027 2205 1097 2240 ML
1130 2205 1256 2251 linqua
1280 2205 1351 2240 Lat
1442 2206 1596 2251 γίνεται]
1623 2205 1769 2251 λέγεται

100 2262 133 2296 Ε
158 2261 343 2296 indicatur
367 2262 438 2297 Lat
515 2264 567 2303 τε]
593 2262 684 2296 enim
697 2262 769 2296 Lat
849 2259 1088 2308 *κρατήσειν,
1113 2274 1145 2297 ει
1169 2272 1215 2296 ex
1237 2276 1249 2296 ι
1275 2271 1366 2296 corr.
1385 2272 1430 2295 m.
1447 2263 1465 2296 2
1481 2262 1505 2297 S
1584 2256 1768 2308 4Ἰησοῦν]

99 2314 171 2354 τὸν
195 2317 370 2364 ἰησοῦνᾙ
439 2312 473 2353 δ’
499 2316 629 2352 MSPL
710 2314 851 2359 αὐτοῖς]
878 2312 1012 2353 αύτοῖσ
1038 2316 1073 2353 οἱ
1091 2317 1144 2352 SP
1227 2320 1246 2352 6
1270 2318 1438 2362 μυρίους]
1465 2318 1712 2364 τρισμυρίουσ
1737 2317 1769 2352 Ε

214 2369 307 2409 τοὺσ
331 2370 492 2409 λοιποὺσ
509 2373 541 2407 Ε
609 2372 786 2416 *αἴρουσι
807 2373 837 2407 L
914 2377 930 2407 ἵ
959 2368 1255 2420 Ἀδωνιζέβεκον]
1281 2369 1556 2419 α’δωνιζεβέκην
1573 2373 1602 2407 O
1628 2368 1770 2409 ἅδωνο-

99 2429 261 2476 βέζεκον
277 2429 316 2463 Μ
338 2424 614 2475 α’δωνιβέζεκον
629 2429 768 2465 LLatE
783 2429 863 2464 cod.
878 2429 990 2464 Busb.
1060 2425 1409 2476 *α’κροτηριασθεὶσ
1425 2429 1459 2464 R
1529 2432 1548 2463 S
1574 2427 1768 2475 λήσεσθαι]

101 2482 227 2531 λήσειν
251 2481 322 2520 τὸν
346 2484 378 2518 Ε
456 2486 582 2521 *δυεῖν
605 2485 658 2520 SP
753 2489 794 2519 10
819 2487 867 2531 γῇ
892 2495 960 2520 om.
985 2485 1057 2520 Lat
1151 2488 1188 2519 11
1216 2485 1439 2528 *ffcsss‘l‘aeoam
1463 2490 1479 2520 ἰ’
1500 2496 1544 2520 ex
1568 2500 1589 2531 η
1614 2495 1705 2520 corr.
1731 2485 1771 2520 M

217 2538 402 2577 *πλεῖστά
427 2540 492 2576 Ro
588 2544 628 2576 12
653 2538 787 2578 *κάτω
812 2538 1010 2588 λαβόντες]
1036 2542 1219 2587 capientes
1244 2544 1293 2584 (h.
1319 2552 1349 2576 e.
1374 2538 1674 2588 καταλαβόντες)
1700 2541 1772 2576 Lat

218 2599 258 2631 13
285 2593 455 2632 ἔκτειναν
478 2596 605 2632 MSPL
630 2593 856 2634 ἀπέκτειναν
880 2597 992 2632 EZon
1130 2593 1281 2639 αὖτοῖσ,
1314 2613 1324 2632 ι
1355 2608 1383 2632 s.
1409 2597 1448 2631 M
1473 2592 1591 2642 αὐτῆσ
1616 2597 1679 2632 RO

105 2655 147 2687 14
169 2650 397 2699 *ἐχυρότητι
422 2652 475 2688 SP
604 2655 758 2699 χωρίου]
783 2655 912 2689 πεδίου
936 2652 1009 2687 ΜΕ
1144 2656 1183 2687 15
1210 2656 1413 2700 Νεβρῶνα]
1436 2656 1615 2700 χεβρῶνα
1641 2652 1771 2687 MSPE

101 2766 254 2810 χερῶνα
278 2764 309 2799 L
334 2764 470 2799 hebron
495 2764 566 2799 Lat
672 2767 712 2799 16
736 2761 962 2801 ὑπελείπετο
977 2785 1019 2789 ——
1037 2768 1077 2799 19
1102 2762 1258 2801 ἐοικότα
1283 2766 1394 2800 habet
1419 2765 1550 2810 Glycas
1653 2761 1773 2801 *ὑπο-

105 2820 276 2856 λέλειπτο
304 2820 328 2855 S
408 2820 458 2861 δὲ]
485 2819 523 2856 δὲ
547 2816 591 2855 τὸ
617 2820 873 2866 MSPLEGlyc
956 2823 1033 2856 τῶν
1063 2831 1130 2856 om.
1157 2821 1190 2855 E
1278 2824 1316 2855 17
1343 2818 1500 2863 *ἄλλοις
1524 2831 1591 2856 om.
1616 2820 1681 2856 Ro

106 2870 330 2923 ἀνθρώποις
354 2886 422 2910 om.
449 2875 481 2910 E
597 2878 865 2923 παραπλησίας
889 2871 1112 2922 α’νθριόποις
1135 2879 1181 2912 tr.
1208 2877 1298 2922 Glye
1413 2878 1719 2923 *παραπλησίωσ
1743 2876 1773 2910 L

222 2935 262 2966 18
287 2933 520 2968 *δείκνυνται
546 2931 605 2966 ΟΡ
713 2928 750 2967 δ’
775 2929 829 2968 ἔτι
853 2934 917 2968 καὶ
942 2935 1007 2968 νῦν
1030 2935 1076 2967 tr.
1094 2932 1134 2967 M
1248 2935 1288 2967 19
1314 2929 1367 2968 ἔτι
1394 2943 1461 2968 om.
1486 2933 1519 2967 E
1628 2930 1773 2974 πύστιν]

109 2987 253 3030 Cocceji
276 2989 402 3024 πίστιν
426 2987 531 3022 codd.
551 2987 713 3033 LatGlyc
807 2990 848 3022 20
873 2987 1078 3035 ἐξαίρετον,
1104 3002 1124 3024 ν
1149 2999 1176 3024 s.
1198 3000 1243 3023 m.
1266 2990 1285 3022 2
1305 2988 1338 3023 R
1428 2990 1492 3024 καὶ
1516 2985 1611 3032 μετὰ
1637 2992 1681 3024 tr.
1709 2988 1773 3024 ΒΟ

1793 545 1871 584 122

1793 747 1872 787 123

1795 882 1873 921 124

1794 1286 1874 1326 125

1799 1623 1876 1663 126
