2060 3475
818 240 1011 274 Praefatio.
1626 238 1742 271 XXIX

90 357 314 401 editionem
346 355 513 411 parabit
544 353 830 409 neglegendus
862 368 944 396 nou
977 354 1065 406 erit,
1098 354 1172 396 sed
1204 353 1258 395 ad
1280 366 1432 406 graeca
1455 351 1584 395 uerba
1605 364 1744 393 recen-

86 423 219 467 senda
257 424 342 466 sere
374 423 476 465 nibil
511 436 562 464 cx
596 436 645 465 eo
678 422 943 464 redundauit.
1003 427 1224 475 praetcrea
1260 421 1509 474 quibusdam
1549 419 1652 461 locis
1684 419 1743 461 in-

85 492 207 548 spexi
239 492 437 543 codicem,
470 490 540 543 qui
573 495 637 531 est
667 490 708 531 in
732 489 989 531 bibliotheca
1017 490 1149 530 musei
1175 489 1440 543 Neapolitani
1465 490 1571 530 inter
1593 487 1745 528 latinos

86 561 189 603 VF.
213 562 262 600 34
306 561 437 601 soi-ma
475 557 663 599 maxima
702 558 871 599 sacculo
904 557 964 597 lx
1006 563 1077 598 aut
1110 557 1147 597 X
1192 561 1409 608 exaratus,
1452 556 1519 608 qui
1562 555 1746 598 continet

83 627 255 682 Iosephi
285 625 533 678 antiquitum
556 624 819 667 Iudaicarum
852 625 980 666 libros
1002 624 1181 666 I—XVI
1210 622 1406 665 adiuncto
1430 623 1641 678 Egcsippo
1674 623 1745 675 qui

86 695 250 748 dicitur,
282 699 324 738 et
344 694 531 736 codicem
554 693 879 735 Laurentianum
903 692 1032 746 plutei
1056 692 1193 733 LXVI
1214 690 1304 732 cod.
1335 695 1346 730 l
1383 691 1538 732 saeculi
1563 694 1647 733 sere
1670 692 1745 744 XI,

85 763 127 806 in
160 776 241 816 quo
273 761 422 805 eadem
454 761 592 803 insunt
622 765 749 813 atque
786 761 826 802 in
856 759 1152 814 Neapolitano.
1212 758 1358 800 horum
1391 762 1564 811 uterque
1595 772 1670 813 per
1700 773 1745 801 se

86 829 373 872 memorabilis
404 835 487 883 cst3
518 833 664 871 neuter
694 833 834 870 tamen
856 827 1134 868 Ambrosiano
1165 840 1241 880 par
1261 831 1333 868 aut
1364 839 1532 880 suppar.
1586 832 1746 869 ceteros

86 898 236 951 libros,
276 897 346 950 qui
387 897 506 939 multi
546 901 641 939 sunt
681 900 721 937 et
760 895 943 948 antiqui,
985 908 1067 936 non
1105 894 1268 946 curaui;
1308 908 1405 936 nam
1446 894 1541 936 huic
1580 908 1747 948 quoque

86 965 202 1020 operi
234 965 336 1008 certi
367 970 462 1007 sunt
493 965 597 1007 finos
629 967 670 1006 ct
697 961 930 1005 cauendum
962 961 1063 1003 mihi
1095 967 1195 1015 erat,
1226 975 1278 1003 nc
1308 962 1350 1003 in
1382 962 1630 1003 immensum
1661 975 1745 1004 crc-

85 1037 221 1076 scerct
250 1034 390 1086 labor,
432 1046 484 1075 ex
517 1045 598 1086 quo
631 1031 687 1073 ad
718 1031 828 1072 hanc
859 1028 1085 1072 editionem
1117 1029 1407 1071 adornandam
1439 1034 1510 1071 aut
1540 1029 1645 1070 nihil
1676 1034 1747 1071 aut

84 1114 220 1156 pauca
249 1101 468 1156 prouenire
491 1104 675 1155 possent.
725 1112 823 1140 nam
853 1097 949 1140 ideo
972 1097 1207 1139 uersionem
1239 1097 1414 1138 latinam
1443 1097 1499 1139 ad
1520 1097 1746 1150 Iosephum

84 1169 386 1212 recensendum
409 1167 601 1211 adbiberi
629 1170 818 1221 apparet,
850 1170 895 1207 ut
915 1165 1096 1207 sciamus
1119 1165 1285 1217 qualem
1321 1165 1522 1219 interpres
1553 1165 1748 1207 babuerit

85 1237 310 1291 Iosephum
348 1249 558 1290 graecum.
618 1239 662 1277 at
692 1234 848 1276 latinus
879 1246 988 1287 quae
1018 1245 1169 1286 passus
1212 1232 1265 1273 sit
1297 1232 1532 1286 quibusque
1564 1246 1663 1275 usus
1694 1234 1748 1275 sit

85 1304 196 1358 satis,
228 1304 269 1345 id
294 1303 406 1356 quod
427 1317 480 1346 ex
501 1302 692 1345 codicum
714 1302 830 1344 uario
852 1314 1008 1355 genere
1031 1300 1226 1354 cernitur,
1259 1315 1342 1343 non
1365 1306 1428 1343 est
1452 1302 1589 1355 operis
1614 1301 1745 1343 huius.

198 1372 427 1424 Postquam
459 1370 512 1413 de
544 1371 605 1413 eis
636 1370 755 1411 libris
787 1368 888 1422 dixi,
922 1370 992 1422 qui
1022 1368 1192 1422 Iosephi
1223 1368 1496 1421 antiquitates
1528 1369 1747 1411 continuas

85 1438 230 1481 dedita
260 1451 390 1493 opera
420 1438 612 1491 tradunt,
644 1451 752 1479 nunc
783 1436 838 1478 ad
870 1450 942 1478 eos
973 1440 1163 1488 transeo,
1203 1435 1273 1488 qui
1307 1440 1468 1490 partem
1501 1450 1644 1478 earum
1676 1435 1747 1478 de·

85 1505 246 1559 derunt,
278 1519 454 1560 quorum
485 1506 644 1560 primus
676 1504 974 1547 memorandus
1007 1509 1070 1546 est

200 1573 250 1613 A.
270 1573 404 1616 codex
425 1573 709 1616 bibliothecae
730 1571 1036 1614 Ambrosianae
1053 1570 1382 1614 Mediolanensis
1401 1571 1439 1611 D
1461 1571 1673 1624 superiore
1697 1575 1747 1612 50

87 1640 266 1695 scriptus
296 1641 464 1683 saeculo
487 1642 574 1684 fere
596 1640 675 1694 XI,
708 1640 778 1693 qui
810 1639 995 1682 continet
1027 1639 1185 1681 bellum
1208 1638 1440 1680 Iudaicum.
1492 1639 1530 1680 ei
1561 1639 1750 1681 subiecta

88 1712 152 1751 est
180 1708 478 1762 antiquitatum
508 1708 604 1750 libri
635 1709 675 1750 II
705 1721 803 1762 pars
835 1707 1042 1761 posterior
1072 1706 1152 1748 hoc
1182 1706 1322 1747 initio:
1362 1704 1563 1761 ἰωσήφτοι·
1596 1704 1640 1746 ἐκ
1670 1707 1748 1747 τοῦ

86 1774 126 1828 β’
168 1774 296 1830 λόγου
333 1777 416 1831 τῇσ
460 1773 788 1830 ἁρχαιολογίασ.
851 1773 1056 1830 ἷώσηποσ
1102 1772 1148 1815 δὲ
1180 1771 1545 1827 συγχωρήσαντοσ
1576 1772 1636 1826 (II
1671 1775 1749 1814 196

87 1857 130 1898 p.
158 1845 246 1896 123,
270 1842 313 1896 9)
358 1856 491 1895 usque
527 1842 583 1884 ad
623 1843 749 1885 finem
787 1843 885 1884 libri
923 1841 1146 1884 subiuncta
1185 1841 1513 1895 subscriptione:
1558 1841 1748 1896 φλαυίου

90 1909 291 1966 ἶωσήπου
327 1909 556 1965 ἰοίνὸαϊκῆσ
586 1906 902 1965 ἀρχαιολογίασ
933 1908 1065 1964 λόγοσ
1094 1907 1150 1963 β’.

201 1977 389 2020 Plurima
419 1991 474 2020 ex
503 1978 686 2031 Iosepho
718 1977 929 2032 excerpsit
960 1976 1258 2020 Constantinus
1289 1975 1677 2031 Porphyrogenitus
1707 1975 1750 2017 in

90 2045 378 2101 componendo
418 2057 572 2098 magno
613 2050 904 2100 excerptorum
953 2058 1149 2099 corpore,
1200 2049 1241 2086 et
1279 2057 1389 2087 nunc
1427 2048 1649 2098 supersunt
1687 2043 1751 2085 Io-

91 2113 212 2168 sephi
251 2119 452 2168 excerpta
489 2113 532 2155 in
571 2114 692 2155 titulo
731 2112 784 2155 de
814 2113 1098 2165 legationibus
1144 2117 1186 2155 et
1224 2112 1266 2154 in
1307 2111 1464 2154 codicis
1495 2111 1751 2152 Turonensis

91 2181 182 2224 siue
210 2181 468 2224 Peireseiani
498 2180 709 2235 excerptis
749 2181 803 2224 de
843 2181 1069 2223 uirtutibus
1105 2185 1146 2222 et
1177 2180 1303 2222 uitiis.
1362 2178 1438 2222 sed
1470 2182 1670 2232 excerpta
1700 2177 1751 2219 de

91 2248 374 2302 legationibus
395 2240 613 2303 complura
641 2262 695 2290 ex
725 2248 844 2290 libris
874 2247 1176 2302 posterioribus
1206 2248 1427 2302 petierunt,
1459 2260 1585 2288 unum
1616 2246 1751 2287 solum

93 2315 233 2358 locum
264 2329 317 2358 ex
347 2315 556 2370 prioribus
600 2315 748 2358 decem
781 2316 870 2357 VII.
898 2318 1115 2357 117—120
1153 2315 1281 2358 ualde
1312 2315 1560 2358 breuiatum.
1621 2313 1750 2354 multo

93 2383 216 2437 plura
247 2386 393 2425 extant
421 2383 464 2424 in
495 2383 640 2426 codice
670 2382 919 2425 Turonensi.
976 2396 1152 2436 quorum
1183 2383 1450 2426 collationem
1482 2379 1751 2435 diligentissi-

95 2463 209 2492 mam
238 2450 370 2492 Iulius
401 2449 674 2503 Wollenberg
713 2450 847 2493 edidit
877 2449 1164 2505 (programme
1195 2450 1459 2492 d'invitation
1491 2452 1516 2490 a
1546 2448 1752 2490 l'examen

95 2517 238 2572 public
269 2517 324 2559 du
354 2518 516 2571 college
547 2518 667 2571 royal
696 2518 892 2572 francais,
924 2519 1068 2560 Berlin
1102 2519 1237 2571 1871),
1267 2517 1366 2559 inde
1399 2529 1476 2569 ego
1509 2517 1590 2557 huc
1618 2519 1750 2557 trans-

96 2584 184 2626 tuli.
230 2599 280 2627 ac
311 2585 486 2627 contulit
515 2586 789 2640 Wollenberg
818 2599 914 2627 eum
943 2586 1124 2640 Iosepho
1154 2585 1354 2638 Bekkeri,
1386 2598 1467 2637 quo
1497 2584 1654 2625 factum
1675 2588 1751 2636 est,

96 2655 142 2694 ut
161 2653 197 2694 si
219 2652 321 2706 quid
342 2653 431 2695 eius
452 2658 692 2696 accuratam
713 2653 978 2708 diligentiam
998 2654 1117 2707 fugit,
1148 2653 1193 2695 id
1224 2653 1335 2706 quod
1364 2650 1573 2694 interdum
1604 2650 1752 2693 ceteris

97 2720 312 2763 codicibus
357 2721 609 2774 comparatis
649 2721 853 2775 suspicari
895 2721 1016 2775 licet,
1064 2725 1357 2774 excerptorum
1399 2732 1492 2760 esse
1531 2717 1754 2760 uideantur

97 2800 208 2841 quae
236 2800 281 2828 re
312 2801 414 2830 uera
443 2792 539 2830 sunt
569 2787 768 2830 editionis
789 2787 1098 2831 Bekkerianae.
1150 2787 1255 2828 haec
1286 2790 1486 2839 excerpta
1506 2786 1753 2840 plerumque

97 2854 268 2908 Iosephi
298 2855 429 2897 uerba
466 2855 560 2910 ipsa
588 2869 682 2897 cum
722 2855 808 2898 fide
844 2855 1216 2908 transscripserunt
1245 2854 1347 2896 solis
1387 2853 1518 2895 initiis
1559 2858 1601 2895 et
1640 2855 1752 2895 clau-

98 2921 202 2963 sulis
231 2921 479 2976 immutatis3
512 2922 646 2964 rarius
675 2922 719 2964 in
740 2922 892 2965 mediis
922 2921 1131 2975 excerptis
1162 2934 1213 2963 ea
1236 2934 1345 2975 quae
1375 2921 1431 2963 ad
1462 2927 1753 2975 excerptorum

100 2992 389 3041 argumentum
427 2990 565 3033 minus
604 2993 705 3045 apta
742 2989 995 3033 uidebantur
1035 2989 1190 3031 omissa
1219 2992 1292 3030 aut
1322 2987 1514 3031 breuiata
1543 2992 1649 3031 sunt.
1709 2989 1752 3030 in
