2060 3475
844 214 1038 249 Praefatio.
1674 215 1769 250 LVII

109 330 209 373 VIII
241 332 321 370 269
354 342 447 372 cum
480 329 611 383 Regio
643 328 797 371 omittit
828 331 983 384 (μινείς
1015 332 1056 370 et
1088 341 1182 372 eum
1213 329 1398 372 maxime
1421 329 1563 382 uertit;
1598 329 1694 372 VIII
1724 334 1770 372 15

110 410 203 440 cum
235 397 308 439 Ro
340 396 488 439 habuit
515 400 704 451 χαίρειν,
746 410 828 437 11011
856 395 982 449 χάριν
1015 396 1126 449 ἔχειν
1159 396 1271 450 quod
1303 396 1343 439 in
1375 397 1485 439 Msl’
1518 401 1655 450 extat;
1702 411 1753 440 ea

109 463 290 517 demque
322 470 386 506 est
417 465 522 507 ratio
554 464 778 506 multorum
814 464 1012 507 locorum.
1072 465 1255 517 denique
1286 463 1563 506 omittendum
1595 478 1676 506 non
1708 470 1771 508 est

108 531 150 574 in
180 532 283 574 solis
314 532 387 574 Ro
420 545 512 573 eum
543 532 695 573 Latino
715 532 744 585 ¹)
776 545 851 586 per
882 546 1027 574 ornnes
1062 531 1137 574 hos
1168 532 1298 574 libros
1329 531 1474 574 decem
1506 532 1547 574 in
1581 533 1769 586 margine

110 612 202 642 esse
234 603 274 641 et
305 598 464 641 eisdem
496 600 582 641 fere
614 599 716 641 locis
759 598 914 653 adponi
947 599 1132 654 capitum
1172 612 1390 651 numeros,
1437 600 1507 652 qui
1549 599 1603 642 ad
1646 614 1765 653 argu-

109 670 251 709 menta
280 666 457 720 singulis
489 667 608 709 libris
640 667 872 721 praemissa
902 672 1118 721 spectant,
1161 666 1230 719 qui
1274 666 1443 720 quidem
1480 667 1520 708 in
1553 668 1593 709 M
1626 669 1769 722 paullo

106 734 230 776 aliter
272 734 465 788 dispositi
508 747 584 788 per
619 735 731 777 solos
777 735 906 777 libros
950 735 1127 789 primum
1168 739 1209 777 et
1253 734 1483 776 secundum
1531 742 1698 790 extant,
1743 749 1769 778 a

107 801 258 845 ceteris
290 815 388 844 uero
419 802 538 844 libris
569 803 737 844 omnino
769 802 931 844 absunt.

220 870 452 924 Praecipue
482 884 582 912 uero
615 883 665 912 ea
695 869 912 912 afferenda
946 874 1062 919 sunt,
1103 882 1211 921 quae
1241 870 1415 912 Latinus
1454 871 1567 913 solus
1605 872 1770 926 integra

106 939 303 992 seruauit,
335 939 450 980 uelut
481 951 529 980 eo
562 952 686 992 quem
717 950 844 992 supra
875 937 995 979 attuli
1027 937 1119 980 loco
1151 937 1207 978 VI
1236 940 1316 979 253
1350 938 1524 980 Latinus
1557 938 1767 991 quaedam

106 1005 264 1048 habere
297 1005 462 1048 uidetur
493 1006 669 1048 meliora
690 1019 815 1059 quarn
837 1005 933 1047 libri
954 1004 1106 1058 graeei.
1158 1018 1235 1047 nee
1256 1004 1533 1048 dubitandum
1561 1010 1636 1060 est,
1670 1008 1768 1060 quin

106 1072 184 1114 VII
217 1075 297 1115 298
338 1087 390 1116 ex
435 1073 575 1115 latinis
611 1087 688 1113 non
731 1073 854 1113 multo
889 1079 985 1126 pos!
1024 1079 1208 1127 ternpore
1239 1087 1331 1115 cum
1363 1073 1546 1116 editione
1577 1075 1766 1130 principe

105 1140 373 1184 scribendum
395 1141 449 1183 sit
479 1136 574 1194 μετ’
602 1136 650 1182 οὗ
674 1139 812 1182 πολὺν
831 1139 999 1195 χρόνον,
1031 1154 1113 1183 11011
1136 1141 1249 1193 quod
1272 1142 1314 1183 in
1337 1141 1551 1184 codicibus
1574 1147 1635 1185 est
1655 1141 1765 1196 μετὰ

107 1206 247 1249 πολὺν
289 1208 458 1262 χρόνον.
518 1209 596 1250 VII
636 1212 714 1249 334
752 1209 807 1251 ad
846 1222 991 1251 uerum
1032 1208 1204 1263 propius
1245 1209 1407 1252 accedit
1448 1210 1560 1262 quod
1592 1211 1766 1254 Latinus

107 1276 233 1318 uertit
263 1291 363 1316 area
402 1277 526 1316 tote'as
560 1276 726 1330 populi,
766 1289 858 1318 eum
891 1276 1056 1318 codices
1088 1276 1274 1318 habeant
1305 1271 1406 1318 ὅλον
1436 1275 1608 1330 βωμὸν,
1654 1279 1767 1332 quod

106 1343 211 1385 nihil
242 1348 325 1397 est,
365 1344 406 1386 in
445 1357 527 1397 quo
560 1345 691 1386 latere
722 1343 889 1386 videtur
921 1338 1050 1386 ἅλων.
1111 1344 1427 1387 memorandum
1460 1350 1523 1388 est
1553 1346 1653 1388 VIII
1686 1349 1765 1387 224

105 1416 202 1453 ante
243 1410 505 1467 ὁιηγιζσομαι
545 1426 571 1454 a
611 1412 759 1454 Latino
799 1411 900 1453 addi
931 1412 1064 1452 tle'm'w
1094 1411 1294 1466 siqnidem
1324 1426 1473 1467 mtyno3
1514 1428 1612 1456 nam
1657 1421 1767 1458 certe

106 1492 155 1521 eo
177 1479 268 1522 loco
290 1479 332 1521 in
352 1480 516 1533 graecis
537 1480 690 1522 lacuna
711 1484 794 1533 est;
827 1492 1081 1534 quamquam
1102 1493 1201 1522 num
1223 1480 1427 1534 Iosephus
1458 1494 1510 1523 ea
1540 1482 1764 1537 scripserit,

106 1558 215 1598 quae
238 1547 362 1589 uertit
383 1548 568 1601 Latinus,
602 1546 760 1600 dubito,
784 1548 981 1599 quoniam
1003 1546 1125 1600 plura
1145 1546 1354 1589 excidisse
1378 1547 1584 1591 uidentur.
1636 1563 1766 1604 saepe

106 1613 216 1656 enim
255 1614 524 1669 interpretem
564 1629 616 1658 ex
657 1628 701 1657 se
741 1614 1032 1657 additamenta
1071 1614 1219 1656 fecisse
1250 1615 1426 1668 scimus;
1469 1616 1583 1658 uelut
1623 1619 1766 1671 paullo

105 1694 231 1736 supra
267 1683 366 1724 VIII
397 1685 476 1724 223
506 1698 584 1737 ριν·
616 1682 865 1737 proplietam
898 1681 1089 1722 Sauream
1111 1680 1260 1735 habet,
1293 1682 1404 1737 quod
1435 1683 1477 1724 in
1507 1685 1671 1737 graecis
1703 1691 1767 1728 est

107 1746 179 1790 διὰ
218 1750 295 1790 τοῦ
335 1749 589 1807 προφήτου,
628 1750 700 1793 ubi
741 1763 843 1792 caue
873 1763 925 1792 ne
956 1750 1029 1791 illo
1060 1752 1231 1791 auctore
1262 1763 1415 1792 nomen
1445 1752 1676 1805 prophetae
1706 1753 1765 1794 in—

104 1817 326 1859 serendum
358 1831 450 1861 esse
480 1822 613 1873 putes.
657 1822 700 1860 at
729 1822 885 1860 certum
914 1822 978 1859 est
1007 1817 1050 1857 X
1081 1818 1106 1869 ξ
1142 1820 1215 1857 111
1252 1831 1304 1859 ex
1335 1818 1426 1860 solo
1457 1819 1588 1861 latino
1620 1832 1765 1862 uerum

103 1885 267 1927 restitui
303 1898 444 1940 posse,
482 1887 525 1928 in
561 1899 642 1939 quo
682 1886 789 1928 haee
833 1889 948 1928 sunt:
984 1884 1234 1938 deceperunt
1269 1884 1386 1938 falsi
1416 1886 1648 1940 prophetae
1692 1886 1764 1928 Se-

105 1952 288 1993 cleclzz'am
318 1952 509 2001 dieentes,
542 1954 638 2008 quia
662 1968 791 2008 neque
812 1952 1073 2007 Babylonius
1103 1951 1235 1992 demto
1266 1959 1412 1993 contra
1444 1967 1533 1994 cum
1558 1962 1767 2009 puqnm‘ec

103 2027 142 2060 ει
165 2020 388 2061 contribuli
408 2035 562 2069 eorum,
595 2035 697 2076 quos
727 2021 777 2061 (le
805 2021 1025 2075 prouincia
1055 2019 1110 2060 ad
1132 2020 1412 2075 Babyloniam
1443 2022 1762 2074 rlemz'yraueral,

105 2101 192 2128 cum
232 2087 302 2128 dez·
336 2090 447 2128 uasis
487 2090 668 2129 omnibus
707 2103 811 2144 quae
850 2103 934 2128 rcoe
972 2089 1126 2129 tulerat
1163 2087 1213 2128 de
1252 2089 1403 2143 templo
1438 2096 1761 2137 reuerterentur,

220 2249 250 2288 1)
274 2245 391 2280 utitur
414 2244 471 2279 his
495 2238 653 2280 numeris
680 2245 931 2281 Cassiodorius
956 2245 1108 2289 exposit.
1146 2245 1184 2280 in
1207 2245 1364 2290 psalmos
1388 2245 1456 2281 XV
1479 2257 1516 2290 p.
1535 2249 1597 2281 46³
1623 2246 1668 2281 cle
1693 2258 1764 2292 quo

103 2301 363 2344 (tabernaculo)
397 2302 504 2336 eriam
529 2300 708 2347 Iosephus
741 2302 777 2336 ἰιι
810 2301 900 2337 libro
933 2301 1190 2346 coztz'qm‘catum
1223 2302 1327 2336 tercio
1362 2302 1466 2337 titulo
1497 2304 1648 2348 septimo
1686 2303 1765 2338 (lili-

102 2359 200 2404 9ente'
226 2358 440 2393 narracione
463 2357 650 2399 disseruit,
685 2368 753 2402 quo
779 2368 926 2392 numero
952 2357 1132 2402 hodieque
1156 2358 1217 2393 ille
1241 2358 1342 2393 locus
1371 2361 1435 2393 est.
1477 2362 1631 2403 apparet
1653 2359 1765 2403 igitur

104 2414 143 2449 in
166 2414 336 2449 uersione
361 2414 494 2449 Latina
518 2424 686 2449 numeros
711 2413 873 2458 capitum
898 2424 976 2448 esse
1000 2413 1186 2458 genuinos.
1237 2417 1363 2449 contra
1387 2414 1489 2449 libris
1513 2415 1652 2459 graecis
1678 2416 1765 2459 quin

103 2470 329 2515 superadditi
361 2471 452 2514 sint,
487 2470 646 2506 dubitari
677 2480 750 2504 non
781 2473 913 2515 potest.
968 2470 1119 2514 antiqua
1151 2470 1294 2514 quidem
1326 2473 1409 2506 sunt
1439 2474 1650 2514 argumenta
1686 2471 1763 2506 siue

103 2537 223 2562 rerum
247 2527 403 2570 indices,
436 2527 497 2570 qui
520 2529 702 2571 tamquam
726 2520 1003 2573 πρωτόκολλον
1027 2526 1178 2571 singulis
1203 2527 1446 2562 uoluminibus
1472 2537 1494 2561 a
1517 2527 1673 2562 librariis
1699 2529 1763 2563 ad-

102 2583 386 2627 glutinabantur.
435 2583 497 2627 qui
520 2594 594 2618 non
618 2583 699 2618 ideo
724 2583 814 2618 facti
838 2585 942 2625 sunt,
968 2585 1008 2617 ut
1033 2583 1080 2617 ad
1104 2593 1226 2618 eorum
1250 2594 1411 2618 normam
1435 2583 1519 2617 libri
1543 2583 1763 2619 articulatim

103 2639 367 2683 diuiderentur3
391 2639 544 2684 primum
569 2639 663 2674 enim
686 2643 808 2683 partes
832 2639 885 2674 ita
909 2639 1030 2674 factae
1053 2639 1158 2674 nimis
1185 2642 1269 2674 sunt
1285 2640 1440 2683 impares
1457 2639 1549 2674 aliae
1566 2639 1762 2683 perbreues

104 2695 197 2730 aliae
220 2696 480 2740 praegrandes3
505 2699 582 2730 tum
606 2696 644 2730 in
661 2695 879 2739 argumentis
897 2695 1010 2730 multa
1027 2706 1048 2730 a
1065 2696 1219 2740 Iosepho
1236 2699 1385 2730 narrata
1403 2695 1628 2739 omittuntur,
1653 2707 1761 2740 quae-

104 2751 187 2786 dam
210 2752 412 2794 adduntur,
447 2763 538 2796 quae
569 2763 643 2787 non
673 2754 757 2786 sunt
781 2752 880 2797 apud
903 2752 1114 2796 Iosephum3
1144 2752 1297 2796 denique
1321 2752 1431 2786 alium
1453 2751 1634 2786 interdum
1657 2752 1762 2788 insti-

103 2809 211 2842 tuunt
242 2808 403 2843 ordinem
432 2819 569 2851 rerum,
601 2819 644 2843 ac
667 2808 843 2853 Iosephus
873 2808 970 2849 (uide
994 2819 1068 2851 arg.
1094 2807 1137 2842 V.
1156 2808 1230 2849 IX).
1280 2809 1374 2842 unde
1405 2812 1557 2852 apparet
1587 2819 1630 2843 ea
1663 2808 1762 2844 facta

106 2873 202 2907 esse,
231 2866 271 2899 ut
303 2864 452 2899 lecturis
482 2867 546 2900 aut
570 2865 742 2909 empturis
766 2865 913 2899 breuem
936 2875 1056 2899 rernm
1080 2863 1379 2907 memorabilium,
1413 2875 1504 2908 quae
1528 2864 1565 2899 in
1589 2865 1680 2900 libro
1705 2866 1760 2900 in-

107 2922 228 2962 erant,
260 2923 491 2964 conspectum
516 2921 643 2955 darent
668 2924 703 2956 et
726 2924 855 2966 postea
879 2921 1020 2956 demum
1044 2920 1091 2954 ad
1115 2931 1157 2954 ea
1181 2920 1384 2955 institutam
1409 2931 1486 2955 esse
1510 2921 1682 2957 librorum
1707 2923 1761 2956 di-

106 2974 292 3019 uisionem,
317 2986 407 3020 quae
431 2976 470 3010 in
493 2976 689 3013 ROLatino
714 2980 749 3012 et
773 2978 904 3022 partim
928 2978 966 3012 in
989 2977 1028 3011 M
1051 2977 1160 3012 hodie
1184 2979 1294 3012 extat.
