2160 3439
277 183 360 221 296
777 178 940 223 ANTIQ.
964 178 1062 214 IUD.
1087 178 1121 213 V
1147 180 1279 214 18—23
1304 181 1444 222 (13—5)

279 298 424 350 μένου,
457 293 623 345 πάντες
651 289 733 349 ἤδη
764 291 1034 346 θαρσαλέως
1065 290 1350 345 ἐπεραιοῦντο
1381 289 1458 334 τὸν
1488 287 1707 345 ποταμόν,
1739 291 1834 335 οἷον
1866 287 1945 335 αὖ·

213 366 266 406 19
282 361 358 406 τὸν
389 359 412 405 ὁ
443 360 555 410 θεὸς
585 368 778 415 προεῖπε
814 357 1022 412 ποιήσειν
1051 359 1254 400 τοιοῦτον
1292 361 1618 409 κατανοοῦντες.
1678 358 1866 416 ἔστησαν
1897 359 1945 403 δὲ

280 429 324 472 ἐν
354 431 476 483 μέσῳ
508 428 551 470 οἱ
585 427 716 482 ἱερεῖς
747 425 830 476 ἕως
862 421 911 468 οὗ
943 424 1125 482 διαβαίη
1146 424 1196 467 τὸ
1231 426 1410 481 πλῆθος
1438 428 1510 469 καὶ
1542 422 1800 483 τάσφαλοῦς
1822 425 1945 481 ἁψά-

278 512 409 551 μενον
447 494 583 548 τύχοι.
643 493 825 536 πάντων
865 493 912 536 δὲ
949 492 1198 547 διαβάντων
1237 491 1418 549 ἐξῄεσαν
1457 495 1500 536 οἶ
1539 494 1670 550 ἱερεῖς
1709 492 1945 549 ἐλεύθερον

280 559 466 620 ἀφέντες
494 559 577 619 ἤδη
607 560 657 604 τὸ
691 562 830 618 ῥεῦμα
856 570 1015 616 χωρεῖν
1045 559 1156 602 κατὰ
1186 559 1266 617 τὴν
1297 561 1550 618 συνήθειαν.
1600 563 1674 604 καὶ
1706 559 1728 604 ὁ
1759 561 1839 615 μὲν
1859 578 1946 605 πο-
1975 569 1995 602 5

277 629 419 685 ταμὸς
459 625 594 680 εὐθὺς
632 628 851 683 ἐκβάντων
892 624 1025 671 αὐτὸν
1062 630 1151 670 τῶν
1187 625 1399 682 Ἑβραίων
1438 625 1590 686 ηὔξετο
1627 630 1701 671 καὶ
1739 628 1788 672 τὸ
1830 628 1947 672 ἰ’διον

280 693 568 752 ἀπελάμβανε
595 699 799 753 μέγεθος.

213 770 265 809 20
396 769 436 807 4.
489 764 545 808 Οἱ
576 764 623 807 δὲ
654 763 926 820 πεντήκοντα
965 762 1268 819 προελθόντες
1299 762 1460 806 στάδια
1488 762 1730 818 βάλλονται
1761 763 1948 819 στρατό-

280 833 418 875 πεδον
449 827 539 874 άπὸ
575 831 677 874 δέκα
709 831 901 874 σταδίων
931 833 1007 887 τῆς
1033 827 1324 886 Ἱεριχοῦντος,
1350 826 1516 887 Ἰησοῦς
1537 847 1584 873 τε
1613 830 1690 873 τόν
1718 847 1766 874 τε
1794 830 1948 886 βωμὸν

280 899 326 943 ἐκ
353 902 442 942 τῶν
482 901 626 942 λίθων
668 894 729 941 ὦν
765 898 946 949 ἕκαστος
987 895 1184 941 ἀνείλετο
1225 900 1313 940 τῶν
1352 897 1586 955 φυλάρχων
1623 897 1667 940 ἐκ
1695 900 1774 941 τοῦ
1801 900 1949 953 βυθοῦ
1980 905 2018 938 10

278 970 357 1011 τοῦ
387 966 624 1024 προφήτου
653 966 939 1016 κελεύσαντος
971 962 1260 1022 ἱδρυσάμενος
1288 965 1521 1021 τεκμήριον
1551 964 1841 1023 γενησόμενον
1871 968 1949 1023 τῆς

281 1031 507 1092 ἀνακοπῆς
536 1037 615 1078 τοῦ
645 1034 860 1091 ῥεύματος
891 1033 1023 1077 ἔθυεν
1055 1029 1130 1076 ἐπ’
1158 1029 1291 1076 αὐτοῦ
1320 1035 1384 1089 τῷ
1414 1035 1530 1088 θεῷ,
1568 1034 1642 1075 καὶ
1675 1031 1754 1090 τὴν
1797 1033 1949 1092 φάσκα

212 1108 261 1147 21
283 1102 499 1159 ἑώρταζον
531 1101 575 1145 ἓν
607 1101 756 1159 ἐκείνῳ
786 1105 849 1158 τῷ
876 1105 1046 1158 χωρίῳ,
1084 1100 1265 1144 πάντων
1297 1096 1358 1143 ὦν
1398 1096 1547 1150 αὐτοῖς
1576 1099 1794 1157 πρότερον
1825 1103 1950 1144 συνέ-

277 1174 405 1226 βαινε
435 1169 664 1222 σπανίζειν
694 1170 796 1213 τότε
826 1170 993 1227 ῥᾳδίως
1024 1164 1334 1225 εῦποροῦντες’
1365 1168 1441 1212 τόν
1471 1185 1520 1212 τε
1548 1168 1631 1225 γὰρ
1663 1177 1786 1212 σῖτον
1813 1163 1949 1223 ἀκμά-

281 1237 410 1290 ζοντα
439 1234 522 1295 ἤδη
554 1240 642 1280 τῶν
661 1241 933 1281 Χαναναίων
965 1235 1168 1290 ἐθέριζον
1198 1239 1272 1280 καὶ
1302 1235 1356 1279 τὰ
1390 1235 1528 1279 λοιπὰ
1552 1237 1674 1279 λείαν
1694 1227 1819 1293 ἧγον·
1849 1235 1952 1279 τότε
1983 1242 2020 1276 15

278 1305 361 1362 γὰρ
393 1301 552 1356 αὐτοὺς
580 1308 654 1350 καὶ
684 1303 709 1362 ἡ
742 1308 819 1362 τῆς
848 1304 1016 1359 μάννας
1055 1303 1340 1347 ἐπελελοίπει
1370 1303 1513 1361 τροφὴ
1543 1306 1843 1361 χρησαμένους
1873 1303 1950 1347 ἐπὶ

279 1372 352 1431 ἔτη
383 1373 724 1429 τεσσαράκοντα.

212 1445 265 1484 22
398 1446 435 1485 5.
470 1438 542 1492 Ὡς
573 1441 620 1484 δὲ
650 1443 790 1484 ταῦτα
821 1440 1072 1484 ποιούντων
1102 1441 1190 1482 τῶν
1215 1434 1495 1496 Ἰσραηλιτῶν
1527 1435 1603 1482 οὐκ
1635 1438 1876 1496 ἐπεξῄεσαν
1907 1439 1950 1482 οἱ

279 1513 532 1553 Χαναναῖοι
550 1509 766 1565 τειχήρεις
788 1504 826 1551 δ’
846 1505 1074 1566 ἡσύχαζον,
1097 1508 1351 1563 πολιορκεῖν
1370 1502 1527 1557 αὐτοὺς
1542 1502 1708 1565 Ἰησοῦς
1724 1506 1846 1563 ἔγνω.
1877 1508 1951 1550 καὶ

279 1579 334 1633 τῇ
365 1576 518 1633 πρώτῃ
540 1579 618 1634 τῆς
639 1576 792 1634 ἑορτῆς
820 1574 963 1633 ἡμέρᾳ
983 1574 1062 1632 τὴν
1083 1573 1272 1630 κιβωτὸν
1295 1574 1337 1617 οἱ
1362 1574 1493 1629 ἱερεῖς
1525 1578 1746 1632 φέροντες,
1778 1576 1883 1631 περὶ
1905 1569 1947 1617 δ’
1982 1581 2021 1614 20

212 1647 265 1688 23
285 1640 418 1699 αὐτὴν
439 1643 483 1687 ἐν
502 1644 643 1701 κύκλῳ
663 1649 799 1700 μέρος
819 1661 862 1687 τι
889 1646 978 1686 τῶν
1006 1640 1204 1686 ὁπλιτῶν
1226 1642 1450 1700 φυλάττον
1472 1633 1534 1699 ἧν,
1567 1645 1610 1685 οἳ
1630 1643 1703 1685 καὶ
1724 1641 1951 1699 προῄεσαν

281 1712 396 1756 ἑπτὰ
427 1716 605 1769 κέρασιν
629 1709 771 1754 αὐτῶν
794 1711 1084 1763 σαλπίζοντες
1110 1709 1388 1766 παρεκάλουν
1409 1709 1485 1752 τὸν
1509 1708 1698 1764 στρατὸν
1720 1709 1784 1760 εἰς
1804 1705 1951 1767 ἀλκὴν,

282 1780 554 1834 περιώδευόν
585 1795 632 1821 τε
662 1778 711 1821 τὸ
744 1788 886 1832 τεῖχος
917 1778 1135 1836 ἑπομένης
1165 1780 1243 1835 τῆς
1262 1781 1507 1833 γερουσίας,
1538 1779 1612 1820 καὶ
1635 1776 1951 1820 σαλπισάντων

394 1915 415 1958 ξ
445 1916 484 1948 19
509 1930 553 1942 =
577 1914 686 1949 Iosua
709 1913 760 1948 IV
788 1916 817 1948 1.

393 2035 861 2073 ROMSPLELatZonaras
886 2035 904 2070 I
927 2046 962 2080 p.
986 2037 1087 2079 76sq.

398 2099 412 2129 1
440 2093 730 2139 *ἐπεραιοῦντο]
757 2094 986 2137 περαιοῦντο
1012 2091 1093 2126 RO¹
1117 2087 1350 2137 ἐπορεύοντο
1378 2090 1416 2124 Μ
1522 2086 1650 2133 αὐτὸν]
1677 2087 1796 2128 αὖτὸσ
1821 2091 1859 2126 Μ

282 2154 301 2185 2
325 2153 614 2187 κατανοοῦντοσ
638 2149 694 2183 Μι
831 2143 866 2183 ‹5'
891 2148 1012 2184 SPLE
1152 2150 1171 2181 3
1196 2149 1258 2183 καὶ
1293 2142 1520 2191 τάσφαλοῦς]
1544 2143 1635 2183 κατ’
1661 2143 1862 2190 άσφαλοῦσ
1887 2147 1949 2184 OL

395 2210 415 2241 4
441 2204 558 2253 τύχοι]
584 2204 743 2240 Dindorf
764 2202 853 2251 τύχη
879 2205 983 2239 codd.
1117 2206 1135 2238 8
1162 2200 1409 2250 *βάλλονται]
1434 2201 1647 2250 βάλλοντεσ
1671 2203 1741 2239 SP¹
1765 2202 1950 2251 βάλονται

280 2263 310 2298 L
405 2266 424 2298 9
451 2276 491 2299 τε
517 2260 586 2298 τόν
611 2264 663 2303 τε]
689 2261 727 2297 δὲ
752 2258 820 2296 τόν
845 2275 883 2298 τε
902 2261 973 2296 ML
998 2261 1036 2297 δὲ
1060 2260 1148 2295 SPE
1174 2267 1292 2294 aulem
1309 2260 1381 2294 Lat
1477 2263 1514 2294 10
1541 2258 1612 2296 *ἐκ
1637 2262 1713 2295 τῶν
1738 2261 1859 2297 λίθων
1883 2254 1950 2303 ὧν]

282 2314 328 2355 ὃν
352 2317 394 2355 ἐκ
417 2321 495 2354 τῶν
520 2320 638 2354 λίθων
663 2318 701 2352 Μ
834 2320 999 2365 *βυθοιη
1017 2316 1213 2363 profundo
1239 2316 1403 2350 iordanis
1427 2316 1498 2351 Lat
1521 2319 1645 2363 βυθοῦ
1671 2319 1738 2353 τοῦ
1763 2312 1952 2362 Ἰορδάνου

280 2375 357 2411 Zon
462 2379 500 2410 12
526 2373 696 2421 *φάσκα1
728 2373 886 2420 paschae:
911 2374 981 2408 Lat
1006 2370 1135 2418 πάσχα
1160 2373 1236 2407 Zon
1362 2375 1401 2406 13
1428 2370 1634 2419 ἑώρταζον]
1661 2370 1845 2418 ἑόρταζεν
1868 2373 1950 2409 RO¹

281 2429 472 2477 ἑώρταζεν
497 2431 678 2467 O2SP20n
704 2429 891 2478 ἑόρταζον
915 2430 947 2464 Ε
973 2434 1123 2464 cunctus
1140 2428 1305 2474 populus
1329 2428 1526 2463 celebrauit
1553 2429 1622 2464 Lat
1769 2434 1808 2465 15
1834 2432 1950 2472 λείαν]

281 2490 384 2524 λεῖον
408 2487 472 2523 Ro
498 2487 767 2533 opulentissime
790 2487 862 2522 Lat
981 2489 1020 2520 16
1044 2483 1191 2532 μάννησ
1216 2485 1310 2520 MSP
1335 2482 1459 2529 μάννα
1484 2485 1550 2519 LE
1653 2483 1879 2523 ἐπιλελοίπει
1905 2490 1950 2527 (ει

281 2544 398 2589 suppl.
414 2555 509 2579 man.
527 2554 599 2579 rec.
625 2543 745 2588 priore
770 2543 953 2588 scriptura
977 2542 1141 2577 abscissa
1159 2542 1200 2578 L)
1226 2541 1292 2575 LE
1363 2542 1647 2587 *χρησαμένοισ
1671 2542 1709 2576 M
1782 2545 1822 2578 18
1846 2541 1950 2586 ἐπεξ-

282 2602 389 2637 [wau
412 2600 468 2635 Μ2
588 2602 630 2634 20
655 2599 875 2646 *φέροντες1
903 2598 936 2634 οἱ
961 2599 1031 2642 μὲν
1054 2596 1194 2644 ἔφερον
1217 2598 1364 2633 Ernesti
1386 2598 1556 2642 ferebant
1581 2597 1652 2632 Lat
1754 2601 1792 2633 21
1823 2595 1950 2646 αὐτὴν]

282 2653 407 2692 αὐτῶν
425 2656 489 2691 RO
561 2655 597 2692 οἳ
621 2659 735 2693 καὶ-
755 2658 796 2690 23
816 2659 951 2701 τεῖχος]
977 2656 1112 2700 aliique
1135 2654 1342 2689 sacerdotes
1359 2654 1631 2700 praecedebant
1653 2660 1785 2701 septem
1811 2655 1952 2692 bucinis

281 2714 355 2747 suis
382 2712 487 2747 lubus
511 2714 689 2748 mittentes
713 2712 965 2758 roqabantque
988 2711 1097 2746 simul
1119 2712 1330 2750 exercitum,
1357 2715 1394 2743 nt
1411 2710 1566 2745 uiriliter
1589 2710 1784 2745 cIrcuirent
1808 2723 1949 2747 murum

282 2769 353 2803 Lat
466 2767 501 2803 οἳ
526 2769 675 2804 seclusit
701 2769 858 2803 Dindorf
964 2766 1001 2803 οἳ
1024 2770 1086 2803 καὶ
1114 2767 1262 2802 seclusit
1287 2766 1432 2801 Bekker
1547 2770 1622 2808 καὶ]
1648 2767 1686 2803 δὲ·
1713 2767 1858 2803 Ernesti

282 2822 489 2871 προῄεσαν]
515 2824 736 2871 προσῄεσαν
759 2825 807 2868 Μ,
834 2825 981 2859 seclusit
1006 2823 1166 2859 Dindorf
1311 2826 1352 2857 22
1379 2821 1506 2858 αι’·τιῦν
1530 2823 1680 2859 seclusit
1703 2822 1862 2859 Dindorf

282 2883 538 2917 σαλπίσαντεσ
557 2882 589 2917 Ε
683 2878 936 2926 παρεκάλουν]
962 2882 1024 2916 καὶ
1050 2877 1291 2926 παρεκάλουν
1316 2879 1370 2914 ed.
1390 2890 1445 2924 pr.
1539 2883 1580 2914 23
1607 2877 1860 2926 *περιόδευόν
1883 2879 1948 2915 RO

397 2939 499 2982 *τῆςΙ
526 2940 587 2973 καὶ
614 2940 682 2982 τῆσ
707 2937 761 2972 SP
856 2931 1134 2978 σαλπισάντων,
1160 2948 1182 2971 σ
1207 2939 1304 2977 (ante
1329 2939 1364 2972 α)
1389 2935 1412 2970 i.
1438 2945 1509 2970 ηε.
1535 2935 1563 2970 P
