2091 3418
49 941 84 974 10

51 1279 87 1312 15

50 1956 87 1989 25

539 210 699 255 ANTIQ.
724 210 820 246 IUD.
845 210 862 245 1
886 212 1019 245 26—32
1043 212 1214 252 (monem.
1231 217 1258 244 ι.
1285 214 1342 253 ιι)
1746 210 1769 247 9

115 324 214 370 εἶπε
241 326 463 380 Μωυσῆς·
501 326 641 366 ταῦτα
681 319 721 365 6’
759 322 802 366 ἐν
842 332 941 374 ταῖς
974 323 1111 379 ἱεραῖς
1140 325 1313 378 βίβλοις
1344 319 1469 380 εὗρον
1500 319 1771 379 ἀναγεγραμ-

114 396 236 449 μένα.
296 391 383 445 ἔχει
415 392 461 434 δὲ
493 386 652 441 οἵτως·

224 461 256 503 I.
292 464 328 502 1.
373 454 438 501 Ἐν
470 455 575 515 ἀρχῇ
606 458 772 501 ἔκτισεν
803 456 824 502 ὁ
860 458 968 509 θεὸς
997 458 1074 502 τὸν
1106 454 1292 514 οἰρανὸν
1322 461 1394 502 καὶ
1425 476 1503 515 ττν
1532 476 1622 516 γι·.ν
1663 457 1768 501 ταύ-
1787 462 1838 501 27

113 544 190 586 της
220 523 260 570 6'
281 522 361 570 isc'
383 522 492 581 ὄψιν
524 523 600 569 οἰκ
629 525 872 584 ἕρχομένις
905 523 1015 569 ἀλλὰ
1035 529 1198 581 βαθεῖ
1196 526 1271 569 ιιὲν
1295 529 1593 583 κρυπτομένης
1615 525 1773 578 σκότει,

113 594 363 650 πνεύματος
394 590 433 636 6'
470 589 603 650 αἰτην
636 592 811 636 ἄνωθεν
844 594 876 636 ε’
874 597 1131 645 ιιθέοντος,
1173 597 1384 649 γενέσθαι
1427 596 1522 651 ([ιῦς
1554 593 1773 637 ἐκέλευσεν

115 660 137 707 ὅ
169 662 292 713 θεός.
337 664 409 704 καὶ
439 665 670 717 γενομένου
691 662 846 704 τούτου
868 661 1144 717 κατανοήσας
1164 660 1242 717 τὴν
1273 657 1377 718 ὅλην
1407 657 1512 719 ’ἴλην
1544 661 1771 741 διεχώρισε
1789 664 1841 705 28

113 730 162 774 τό
194 746 242 772 τε
273 731 370 787 (μῦς
408 731 481 772 καὶ
517 728 566 771 τὸ
609 729 764 779 σκότος
794 731 863 772 καὶ
897 731 959 785 τῷ
990 730 1068 784 μὲν
1100 726 1240 783 ὄνομα
1280 729 1410 771 ἔθετο
1451 730 1602 782 νύκτα,
1643 729 1693 772 τὸ
1728 730 1774 772 δὲ

113 795 280 855 ἡμέραν
312 793 515 840 ἐκάλεσεν
546 796 738 852 ἑσπέραν
769 814 815 840 τε
845 800 918 841 καὶ
949 794 1116 879 ὄρθρον
1139 796 1218 854 τὴν
1250 792 1382 853 ἀρχὴν
1412 799 1489 839 τοῦ
1521 796 1671 854 φωτὸς
1701 799 1774 840 καὶ

113 864 191 922 τὴν
223 861 476 909 ἀνάπαυσιν
506 866 881 921 προσαγορεύσας.
912 867 985 908 καὶ
1014 860 1120 947 αὐτη
1141 866 1220 919 μὲν
1253 858 1304 906 ἂν
1336 865 1401 943 εἰη
1434 865 1587 921 πρώτη
1618 862 1772 921 ἡμέρα,
1791 867 1843 907 29

116 935 316 989 Μωυσῆς
348 929 388 975 δ’
417 928 522 988 αἰτι]
532 951 551 975 ν
581 937 687 987 μίαν
719 930 839 976 εἷπε·
878 950 956 990 την
988 933 1034 976 δὲ
1075 933 1222 976 αιτίαν
1255 931 1402 982 ἱκανὸς
1431 936 1510 987 μέν
1541 933 1632 975 εἷιιι
1664 929 1774 975 ἆπο-

117 1001 269 1044 δοῦναι
300 1003 373 1044 καὶ
405 1003 500 1051 νῦν,
541 1000 639 1044 ἐπεὶ
681 997 720 1043 δ’
746 998 996 1058 ὑπέσχημαι
1033 1000 1110 1057 τὴν
1151 1000 1422 1056 αἰτιολογίαν
1461 1000 1642 1044 πάντων
1682 999 1776 1057 ἰδίᾳ

116 1068 481 1126 συγγραψάμενος
511 1067 809 1122 παραδώσειν,
842 1068 904 1119 εἰς
925 1067 1026 1111 τότε
1046 1070 1118 1111 καὶ
1140 1067 1217 1124 τὴν
1248 1070 1351 1124 περὶ
1385 1064 1515 1125 αὐτῆς
1545 1067 1776 1125 ἑρμηνείαν

116 1132 436 1192 ἀναβάλλομαι.
494 1134 605 1190 μετὰ
637 1134 686 1191 δη
718 1138 847 1178 τοῦτο
878 1138 929 1193 τῇ
961 1136 1141 1193 δευτέρᾳ
1161 1138 1248 1179 τῶν
1281 1133 1450 1192 ἡμερῶν
1479 1135 1556 1179 τὸν
1588 1132 1774 1191 οὐρανὸν
1792 1138 1844 1178 30

116 1213 211 1255 τοῖς
241 1199 362 1254 ὅλοις
402 1203 683 1260 ἐπιτίθησιν,
726 1198 793 1246 ὅτ’
823 1198 955 1246 αὐτὸν
987 1199 1076 1246 άπὸ
1115 1206 1203 1246 τιῦν
1244 1200 1388 1246 ἄλλων
1420 1204 1644 1261 διακρίνας
1673 1199 1769 1246 κατ’

119 1267 252 1315 αὐτὸν
282 1268 443 1328 ἠξίωσε
471 1270 700 1324 τετάχθαι,
732 1271 1000 1327 κρύσταλλόν
1020 1287 1068 1314 τε
1098 1271 1348 1328 περιπήξας
1381 1267 1499 1328 αὐτῷ
1528 1274 1601 1315 καὶ
1632 1271 1778 1315 νότιον

123 1335 255 1382 αὐτὸν
286 1341 358 1382 καὶ
389 1334 555 1395 ἱέτιύδη
589 1337 703 1394 πρὸς
732 1337 810 1395 την
843 1334 932 1381 άπὸ
973 1341 1060 1380 τιῦν
1093 1338 1262 1395 δρόσων
1294 1335 1513 1396 ὠφέλειαν
1555 1337 1778 1394 ἁρμοδίως

118 1410 171 1464 τῇ
201 1409 253 1464 γῇ
282 1406 655 1464 μηχανησάμενος.
713 1409 766 1463 τῇ
807 1406 854 1449 δὲ
893 1410 1017 1463 τρίτῃ
1050 1406 1199 1464 ἵστησι
1237 1405 1315 1463 τὴν
1345 1409 1423 1463 γῆν
1455 1402 1641 1461 ἀναχέας
1671 1409 1774 1464 περὶ
1793 1409 1841 1449 31

121 1471 256 1532 αὐτὴν
285 1474 363 1531 τὴν
393 1474 650 1517 θάλασσαν·
681 1470 778 1516 κατ’
807 1470 940 1530 αὗτὴν
963 1474 1009 1517 δὲ
1041 1473 1201 1531 ταύτην
1222 1473 1299 1531 τὴν
1320 1472 1486 1532 ἡμέραν
1509 1471 1644 1525 εὐθὺς
1661 1474 1778 1532 φυτά

118 1560 166 1586 τε
195 1544 268 1586 καὶ
309 1545 543 1598 σπέρματα
578 1544 715 1599 γῆθεν
755 1537 961 1584 ἀνέτειλε.
1025 1544 1079 1598 τῇ
1119 1541 1303 1598 τετάρτῃ
1346 1542 1392 1585 δὲ
1435 1542 1665 1596 διακοσμεῖ
1702 1541 1779 1585 τὸν

124 1605 309 1666 οὖρανὸν
340 1611 450 1667 ἡλίῳ
480 1611 552 1652 καὶ
585 1609 740 1666 σελήνῃ
771 1611 845 1652 καὶ
874 1618 968 1660 τοῖς
1000 1606 1150 1659 ἄλλοις
1191 1606 1370 1666 ἄστροις
1408 1609 1599 1666 κινήσεις
1632 1604 1780 1658 αὐτοῖς

122 1676 376 1728 ἐπιστείλας
406 1680 478 1721 καὶ
501 1677 701 1733 δρόμους,
725 1676 792 1727 οἷς
815 1670 866 1719 ἂν
889 1677 934 1719 αἱ
956 1678 1042 1719 τῶν
1064 1673 1189 1732 ιῦριῦν
1211 1679 1456 1734 περιφοραὶ
1479 1680 1778 1735 σημαίνοιντο.

120 1748 302 1802 πέμπτῃ
333 1743 474 1802 ἡμέρᾳ
506 1744 594 1801 ζῷά
624 1761 671 1787 τε
700 1740 797 1787 κατ’
821 1739 954 1800 αὐτὴν
976 1743 1108 1801 νηκτὰ
1137 1745 1210 1786 καὶ
1232 1743 1450 1800 μετάρσια
1480 1744 1535 1787 τὰ
1565 1746 1644 1800 μὲν
1665 1744 1776 1788 κατὰ
1795 1746 1847 1787 32

119 1809 292 1868 βάθους
329 1812 384 1855 τὰ
426 1813 472 1855 δὲ
514 1808 574 1856 δι)
603 1808 732 1869 ἆέρος
771 1810 900 1868 ἀνῆκε
940 1811 1266 1869 συνδησάμενος
1306 1808 1416 1855 αὐτὰ
1455 1816 1664 1871 κοινωνίᾳ
1706 1814 1780 1856 καὶ

119 1880 239 1935 μίξει
267 1882 396 1936 γονῆς
427 1880 549 1924 ἕνεκα
578 1881 651 1923 καὶ
681 1882 759 1922 τοῦ
792 1879 1092 1930 συναύξεσθαι
1129 1880 1201 1922 καὶ
1240 1879 1497 1932 πλεονάζειν
1530 1876 1673 1923 αὐτῶν
1702 1879 1781 1936 τὴν

119 1947 266 2006 φύσιν.
325 1950 380 2005 τῇ
423 1948 470 1992 δὲ
510 1947 606 2006 ἕκτῃ
647 1945 790 2006 ἡμέρᾳ
830 1947 1085 2005 δημιουργεῖ
1122 1946 1171 1991 τὸ
1211 1949 1300 1991 τῶν
1336 1947 1622 2002 τετραπόδων
1659 1951 1782 2004 γένος

229 2107 250 2149 ξ
276 2109 317 2141 27
343 2123 386 2135 =
411 2105 500 2142 Gen.
525 2106 544 2141 1
570 2110 601 2141 1.

231 2263 655 2299 ROSPLELatZonaras
679 2263 697 2298 I
720 2275 756 2309 p.
785 2266 825 2298 17
839 2274 890 2308 sq.
918 2264 972 2298 ed.
998 2263 1114 2299 Bonn.

230 2323 249 2355 3
267 2322 427 2366 φλαυίου
443 2318 611 2367 ἰωσήπου
628 2320 819 2367 ἰουδαϊκῆσ
832 2316 1110 2367 ἄρχαιολογιάσ
1128 2317 1248 2366 λόγοσ
1262 2316 1295 2356 α’
1309 2319 1509 2365 praemittit
1532 2318 1565 2353 Ε
1657 2322 1678 2354 4
1695 2333 1780 2366 κρυ·

118 2376 316 2424 πτομένης]
329 2377 617 2423 καλυπτομένησ
630 2376 742 2411 Ezon
813 2379 831 2410 5
858 2374 1110 2422 *πνεύματος]
1128 2377 1281 2423 spiritus
1294 2376 1350 2411 clei
1366 2376 1438 2412 Lat
1508 2378 1527 2410 6
1552 2373 1781 2423 *διεχώρησε

117 2465 244 2501 R¹0P¹
268 2463 494 2513 διεχώρησεν
511 2466 551 2501 S¹
643 2470 661 2500 7
688 2468 781 2516 *τῳἾ
805 2463 850 2503 τὸ
871 2466 911 2502 S¹
1004 2469 1024 2502 9
1043 2463 1185 2513 πρώτη]
1209 2462 1230 2512 ἢ
1256 2463 1386 2513 πρώτη
1403 2465 1487 2500 SPL
1582 2469 1622 2500 10
1646 2447 1782 2513 pcwgvffo'

118 2521 148 2557 Ο
240 2523 291 2565 δὲ]
316 2519 352 2559 δ’
379 2523 476 2567 SPL,
499 2522 539 2557 in
561 2522 595 2557 R
617 2522 709 2558 latet
799 2522 944 2560 ἱκανῶσ
967 2523 1000 2558 R
1093 2525 1133 2558 11
1161 2522 1406 2568 αἰτιολογίαν]
1437 2517 1652 2568 ἀπολογίαν
1677 2522 1718 2567 O,
1742 2523 1780 2558 in

118 2577 152 2614 R
174 2578 265 2614 latet
356 2575 538 2616 ἁπάντων
562 2579 649 2614 SPL
744 2582 784 2615 12
810 2577 1028 2617 ἀποδώσειν
1052 2578 1081 2614 Ο
1178 2580 1217 2613 13
1243 2574 1529 2625 ιέναβαλλοῦμαι
1553 2580 1588 2620 (ῦ
1611 2578 1634 2613 i.
1653 2589 1726 2614 ras.
1745 2580 1780 2624 S,

118 2637 145 2681 β
167 2634 190 2670 i.
216 2645 288 2670 ras.
313 2634 354 2678 P)
378 2635 467 2670 S¹P¹
491 2631 754 2682 ἀναβαλοῦμαι
779 2636 897 2672 S2P2L
1026 2638 1068 2670 14
1092 2633 1281 2680 ἐπιτίθησι
1305 2634 1337 2668 Ε
1466 2631 1622 2676 *abtim
1646 2648 1668 2671 v
1691 2646 1736 2671 ex
1760 2649 1781 2671 ν

120 2700 211 2726 corr.
235 2691 264 2726 P
355 2689 449 2728 καθ’
478 2688 596 2728 αὑτὸν
621 2692 740 2728 SPLE
835 2695 874 2728 15
894 2687 1169 2739 *xpi-atch-o'v]
1194 2687 1409 2736 κρύσταλόν
1427 2690 1467 2732 Ο,
1491 2689 1530 2724 in
1546 2690 1580 2725 R
1602 2690 1692 2727 latet

118 2742 261 2790 *αὐταὶ
286 2750 317 2783 ὦ
341 2758 386 2783 ex
411 2744 457 2784 ὸν
482 2758 573 2783 corr.
596 2747 630 2782 R
725 2751 766 2783 16
791 2744 937 2785 *αὐτὸν
962 2759 1028 2783 om.
1045 2747 1074 2782 Ο
1166 2744 1392 2793 *ἁρμονίωσ
1416 2745 1536 2781 ROSP
1632 2750 1672 2782 19
1697 2750 1782 2783 ante

119 2805 235 2848 γῆθεν
258 2814 330 2838 ras.
359 2807 374 2839 1
400 2804 469 2840 litt.
492 2804 521 2839 O
614 2804 653 2841 δὲ
677 2801 840 2852 τετάρτη
863 2807 908 2839 tr.
932 2804 996 2840 OE
1089 2805 1131 2838 20
1156 2800 1325 2844 *αὐτοῖς]
1352 2798 1493 2838 αὐτοὺσ
1517 2801 1547 2837 O
1640 2806 1677 2838 21
1706 2802 1782 2840 ἐπι-

123 2860 282 2901 στείλας]
306 2858 499 2896 ἐπιτείλασ
524 2860 646 2895 S²P²E
762 2859 812 2900 αἱ]
835 2863 900 2897 καὶ
924 2861 957 2895 Ε
1067 2859 1324 2906 σημαίνοιντο]
1351 2860 1514 2905 φανεραὶ
1538 2860 1782 2905 σημαίνοιντο

122 2913 242 2949 SPLE
266 2917 461 2961 manifesta
485 2916 763 2962 desz'qnarentur
779 2917 850 2952 Lat
943 2919 984 2951 22
1010 2916 1171 2960 πέμπτῃ]
1196 2914 1345 2960 πέμπτη
1369 2910 1404 2950 δ’
1425 2914 1546 2950 SPLE
1637 2919 1690 2957 τε]
1714 2916 1784 2961 μὲν

122 2967 186 3004 RO
279 2973 320 3006 23
345 2969 504 3018 βάθους]
528 2975 652 3019 βυθοῦ
675 2972 760 3007 SPL
785 2969 916 3018 βάθοσ
941 2972 974 3006 Ε
1066 2973 1108 3006 24
1132 2967 1414 3013 *awai-§afflat
1437 2970 1471 3006 R
