2101 3465
126 737 571 789 BENEDJCTVS
604 738 825 788 NIESE
860 738 1235 789 THEODORO
1271 738 1656 790 NOELDEKE
1685 742 1735 791 S.

213 950 308 991 Cum
341 959 434 992 ante
464 952 539 992 lios
570 953 672 993 duos
703 967 832 993 annos
862 953 963 993 lzaec
992 951 1164 1006 Iosephi
1191 954 1400 994 uolumina
1430 954 1587 994 est-cudi
1615 963 1760 1011 coepta

94 1024 238 1065 essent,
272 1033 296 1058 a
329 1025 367 1058 te
398 1026 438 1059 et
468 1019 517 1059 ab
548 1018 730 1073 Alsreclo
761 1034 785 1059 a
811 1017 1054 1060 Gutsclzmid
1078 1020 1193 1072 petii,
1226 1026 1270 1060 ut
1299 1021 1402 1060 mihi
1428 1028 1567 1062 uestro
1598 1025 1760 1063 nomine

94 1099 141 1125 ea
173 1085 400 1125 inscribere
430 1086 574 1126 liceret
584 1103 596 1133 ‚·
628 1086 672 1126 id
700 1086 811 1141 quod
839 1100 914 1126 uos
945 1087 1213 1127 concessistis.
1270 1101 1364 1127 nam
1395 1102 1453 1128 eoe
1483 1103 1563 1143 quo
1595 1091 1635 1129 in
1667 1104 1760 1130 aca-

93 1152 266 1192 demiam
306 1152 533 1193 Kilicnsem
577 1155 674 1194 ueni
718 1167 793 1194 uos
838 1153 941 1193 milli
977 1167 1182 1207 persaepe
1226 1153 1532 1195 beneuolentiae
1575 1158 1760 1197 maxima

94 1219 339 1260 eoelzibuistis
378 1220 620 1261 documenta
657 1234 900 1275 semperque
932 1227 1080 1274 postea
1114 1234 1194 1261 non
1240 1223 1323 1261 mei
1357 1222 1489 1262 solum
1526 1224 1601 1263 sed
1637 1225 1759 1264 etiam

93 1287 212 1327 huius
233 1287 404 1341 Ioseplzi
419 1286 622 1339 ‘lautores
640 1288 804 1341 fuistis.
854 1302 944 1328 cum
966 1289 1093 1341 iyitur
1114 1288 1164 1327 de
1184 1301 1247 1328 me
1274 1290 1424 1342 optime
1446 1291 1587 1330 essetis
1608 1292 1757 1338 meriti,

93 1361 273 1394 uestrum
298 1356 558 1408 potissimum
588 1369 733 1395 nomen
764 1357 804 1394 in
826 1355 946 1395 liuius
967 1356 1106 1409 operis
1125 1355 1279 1408 Jronte
1301 1362 1451 1396 eoetare
1471 1357 1597 1398 uolui.
1649 1358 1761 1412 quod

91 1435 141 1461 ne
170 1423 229 1462 ita
248 1421 398 1476 fieret,
431 1428 477 1461 ut
506 1423 784 1469 institueram,
818 1423 974 1463 obstitit
996 1422 1158 1477 flebilis
1192 1420 1453 1463 Gutsclzmidi
1479 1437 1604 1471 morS,
1637 1438 1760 1479 quam

92 1503 116 1528 a
146 1490 304 1528 nemine
343 1490 510 1541 aeqrius
538 1488 665 1541 Jerri
698 1491 784 1530 scio
824 1504 946 1545 quam
976 1503 1001 1529 a
1031 1496 1090 1535 te;
1121 1488 1218 1542 suit
1255 1490 1361 1529 enim
1392 1497 1523 1531 tecum
1555 1493 1760 1532 amicitiae

93 1555 382 1596 consuetudine
411 1556 641 1596 studiorum
668 1570 820 1610 qenere
840 1563 1060 1611 mutuoque
1083 1569 1225 1596 amore
1246 1557 1610 1599 coniunctis-simus.
1661 1560 1759 1599 ami-

91 1624 184 1663 sisti
221 1623 391 1662 amicum
435 1624 651 1676 optimum,
694 1624 805 1663 uitae
844 1624 1084 1677 integritate
1113 1637 1272 1663 morum
1303 1625 1506 1664 suauitate
1537 1627 1757 1679 eqreyium,

94 1690 308 1730 doctrinae
339 1690 459 1743 copia
489 1690 547 1729 ita
573 1690 827 1737 instructum,
859 1697 906 1730 ut
934 1692 1043 1730 inter
1064 1691 1256 1744 aequales
1274 1690 1411 1744 facile
1437 1693 1669 1746 principem
1700 1694 1761 1733 lo-

94 1770 183 1797 cum
207 1756 396 1797 obtineat.
425 1755 524 1809 fuit
546 1755 853 1797 Gutsclzmidius
874 1757 1020 1797 iudicii
1038 1758 1267 1798 acrimonia
1289 1759 1471 1812 insignis,
1502 1760 1608 1799 nulli
1626 1767 1760 1800 tamen

93 1823 221 1863 iudex·
251 1823 394 1864 acrior
424 1836 544 1878 quam
575 1823 673 1870 sibi,-
704 1838 778 1864 nec
806 1824 945 1878 facile
974 1824 1054 1864 sibi
1081 1824 1406 1878 satisfaciebat,
1438 1840 1512 1867 nec
1543 1828 1761 1882 quiequam

92 1890 338 1943 attinqebat,
380 1892 476 1945 quin
508 1890 739 1931 eoelzaurire
769 1899 960 1945 cuperet;
991 1905 1071 1946 quo
1091 1891 1262 1945 factum
1293 1899 1373 1939 est,
1405 1900 1452 1933 ut
1479 1894 1608 1933 multo
1632 1895 1760 1948 plura

91 1957 340 2004 elaboraret,
374 1971 495 2012 quam
526 1958 677 1998 ederet.

205 2023 344 2064 Huius
373 2026 500 2077 iqitur
531 2026 637 2065 tanti
663 2026 752 2065 uiri
777 2032 951 2066 mortem
982 2039 1071 2066 cum
1111 2025 1272 2079 luqecw,
1315 2040 1379 2066 me
1409 2040 1571 2082 quoque
1601 2027 1761 2068 doloris

88 2093 336 2146 participem
375 2092 511 2133 habes.
568 2106 700 2147 neque
729 2093 835 2132 enim
874 2094 1064 2146 iqnoras,
1098 2092 1198 2148 quid
1227 2106 1302 2146 eqo
1334 2094 1375 2134 ei
1402 2093 1569 2134 debeam
1600 2102 1639 2135 et
1662 2103 1761 2150 quot

91 2166 326 2214 quantaque
363 2160 450 2200 eius
492 2161 574 2200 sint
614 2160 655 2199 in
701 2173 763 2199 me
800 2161 962 2200 merita.
1031 2161 1105 2215 qui
1136 2161 1315 2214 primum
1358 2174 1421 2200 me
1463 2162 1623 2210 docuit,
1667 2169 1761 2203 tunc

93 2232 244 2267 exacto
282 2225 516 2266 studiorum
554 2227 736 2280 leqitimo
775 2241 899 2268 cursu
944 2226 1152 2281 beneficiis
1194 2229 1365 2268 consilio
1410 2229 1760 2270 commendatione

93 2292 293 2333 adiuuare
317 2306 536 2348 numquam
557 2293 724 2335 destitit.
778 2292 1040 2335 Gutsclzmidi
1057 2296 1306 2335 auctoritate
1327 2303 1562 2344 commotus,
1587 2296 1631 2336 id
1651 2296 1762 2351 quod

91 2361 274 2400 maoeime
294 2360 372 2400 hoc
403 2360 494 2401 loco
517 2361 917 2402 commemorandum
944 2369 1015 2409 est,
1050 2361 1105 2403 ad
1123 2362 1343 2416 Iosephum
1364 2362 1562 2403 edendum
1584 2365 1741 2404 accessi
1746 2380 1760 2411 ,-

91 2427 126 2466 is
156 2426 331 2482 denique
360 2428 546 2468 maoeimo
564 2427 659 2481 fuit
690 2428 950 2477 adminiculo,
983 2435 1029 2469 ut
1060 2442 1162 2483 opus
1193 2431 1395 2484 inceptum
1428 2429 1483 2470 ad
1501 2429 1607 2469 hunc
1626 2429 1760 2483 finem

90 2493 323 2547 perducere
348 2507 536 2548 possem,·
576 2496 662 2535 eius
691 2496 819 2549 igitur
848 2497 1016 2537 uirtutis
1044 2497 1390 2551 humanitatisque
1420 2497 1497 2536 lzoc
1527 2503 1590 2536 est
1617 2510 1759 2538 monu-

93 2567 282 2603 mentum.
333 2561 446 2616 quod
463 2563 504 2601 si
522 2563 611 2617 quis
637 2569 786 2616 postea
816 2576 874 2602 εχ
903 2563 982 2604 hac
1011 2564 1190 2604 editione
1210 2563 1430 2604 utilitatem
1452 2563 1634 2618 aliquam
1658 2578 1759 2618 per-

94 2629 262 2681 ceperit,
298 2626 558 2669 Gutsclzmidi
585 2631 620 2670 is
649 2643 806 2670 memor
836 2637 934 2672 este.

212 2695 272 2735 Tu
296 2708 411 2743 uero,
443 2697 511 2736 uir
541 2697 728 2744 illustris,
760 2697 854 2737 uale
875 2704 916 2737 et
934 2711 983 2737 eo
1005 2710 1084 2753 quo
1105 2697 1212 2738 soles
1230 2697 1393 2751 fauore
1414 2697 1519 2738 hunc
1539 2697 1760 2753 Iosephum

94 2762 244 2816 accipe.

1433 2998 1461 3030 A
1470 2998 1487 3015 *
