2091 3418
589 191 750 236 ANTIQ.
778 192 873 228 IUl).
902 192 931 227 V
957 195 1088 227 ›1:5-47
1114 196 1137 233 (1
1157 198 1205 225 ιι.
1224 198 1273 235 ιε)
1683 192 1761 230 301

99 306 242 365 φυλὴν
274 304 466 362 ἐκλήρου.
526 305 682 348 τούτου
725 305 771 347 δὲ·
810 305 857 347 τι)
898 307 1218 363 τετολμημένον
1259 304 1303 348 ἐκ
1342 308 1419 362 τῆς
1446 300 1586 348 Ἰούδα
1625 306 1767 362 φυλῆς

100 375 336 432 δηλοῦντος
366 373 475 415 κατὰ
514 378 706 430 ([ατρίας
736 373 874 415 πάλιν
904 374 1064 431 ταύτης
1096 378 1344 430 προτίθησι
1376 372 1452 415 τὸν
1483 375 1654 430 κλῆρον.
1714 372 1763 416 τὸ

101 438 142 484 δ’
169 438 336 499 ἀληθὲς
357 443 434 483 τοῦ
456 442 836 497 κακοιργηματος
833 444 933 498 τερὶ
952 441 1030 497 την
1051 438 1236 497 Αχάροι
1255 456 1305 483 σι
1309 457 1504 496 γγειειαν
1523 459 1534 481 ι
1533 438 1763 496 ἑρίσκετο.

99 509 199 553 κατ’
225 479 362 564 άνδρα
402 509 448 551 δὲ
488 512 565 565 τῆς
603 509 841 560 ἐξετάσεως
879 513 1107 567 γινομένης
1138 508 1412 563 λαμβάνωσι
1450 507 1527 550 τὸν
1557 505 1764 564 Αχαρον·
1783 513 1836 551 44

99 572 200 621 ὃδ
227 573 302 619 οὐκ
334 576 441 630 ἔχων
473 576 651 632 ἔξαρνος
684 575 746 620 εἶτ
741 595 794 620 αι
827 580 904 619 τοῦ
934 579 1045 619 θεοῦ
1068 577 1221 627 δεινῶς
1244 573 1376 619 αὑτὸν
1399 575 1768 658 ἐκπεριελθόντος

99 595 318 700 ιοῦμολόγει
348 661 395 686 τε
426 643 504 700 τὴν
541 646 636 687 κλο
631 644 710 700 τὴν
750 647 820 688 καὶ
863 645 918 687 τὰ
959 644 1109 701 φώρια
1149 647 1345 700 παρῆγεν
1385 643 1448 693 εἷς
1488 646 1635 696 μέσον.
1695 645 1767 686 καὶ

101 708 228 762 οὗτος
258 712 338 766 μὲν
369 707 506 761 ειθις
537 707 794 767 ἀναιρεθεὶς
824 712 868 755 ἐν
901 714 1018 755 νικτὶ
1049 714 1195 769 ταιῙῆς
1237 707 1396 765 ἆτίμου
1435 728 1506 754 και
1546 711 1768 766 καταδίκῳ

100 779 358 836 πρεπούσης
388 780 601 835 τυγχάνει.

218 852 282 890 15.
310 843 475 904 Ἰησοῦς
498 847 544 890 δὲ
567 844 748 903 ἁγνίσας
768 846 844 889 τὸν
868 846 1056 902 στρατὸν
1079 846 1224 902 ἐξῆγεν
1255 845 1331 889 ἐπὶ
1353 846 1431 903 τὴν
1454 846 1602 889 Ναϊὰν
1633 844 1765 898 αὐτὸς
1783 850 1835 888 45

99 917 172 958 καὶ
204 914 354 965 νυκτὸς
383 914 437 956 τὰ
470 917 571 969 περὶ
604 917 682 970 την
714 914 847 957 πόλιν
878 914 1074 969 ἐνέδραις
1095 915 1367 969 προλοχίσας
1388 912 1476 957 ὑπὸ
1498 913 1576 958 τὸν
1599 911 1767 971 ὄρθρον

100 981 339 1036 συμβάλλει
373 991 466 1032 τοῖς
497 984 744 1036 πολεμίοις.
804 984 892 1024 τῶν
933 982 979 1024 δὲ
1009 980 1120 1036 μετὰ
1151 981 1353 1037 θράσους
1394 978 1544 1032 αὐτοῖς
1585 981 1658 1025 διὰ
1689 981 1768 1038 τὴν

98 1052 320 1105 προτέραν
365 1054 484 1107 νίκην
529 1049 747 1092 ἐπιόντων
792 1046 1038 1106 ὑποχωρεῖν
1084 1049 1508 1107 προσποιησάμενος
1550 1049 1663 1092 ἕλκει
1705 1051 1769 1104 τῷ

96 1116 253 1173 τρόπῳ
283 1117 426 1173 τούτῳ
456 1116 628 1172 μακρὰν
659 1113 818 1167 αὐτοὺς
848 1119 925 1173 τῆς
955 1117 1131 1167 πόλεως
1163 1117 1338 1161 διώκειν
1365 1117 1593 1172 οἰομένους
1612 1118 1685 1160 καὶ
1708 1114 1769 1167 ὦς

100 1183 177 1227 ἐπὶ
216 1189 309 1241 νίκῃ
349 1187 748 1242 καταφρονοῦντας.
808 1181 952 1228 ἔπειτ’
980 1185 1265 1241 ἀναστρέψας
1307 1185 1385 1243 τὴν
1432 1185 1615 1240 δύναμιν
1653 1183 1764 1228 κατὰ
1782 1188 1835 1228 46

103 1251 352 1306 πρόσωπον
385 1249 534 1303 αι’-τοῖς
565 1262 700 1305 ποιεῖ,
733 1253 892 1310 σημεῖά
924 1269 971 1295 τε
1003 1252 1105 1303 δοὺς
1137 1252 1163 1295 ἃ
1195 1252 1310 1310 πρὸς
1340 1252 1443 1303 τοὺς
1474 1252 1518 1296 ἐν
1548 1262 1646 1303 ταῖς
1677 1251 1768 1295 ἐνέ-

101 1320 228 1375 δραις
267 1323 550 1363 συνετέτακτο
591 1316 816 1371 κάκείνους
857 1320 932 1363 ε’·πὶ
963 1319 1042 1377 τὴν
1082 1320 1223 1377 μάχην
1271 1319 1560 1377 ἐξανίστησιν.
1637 1320 1679 1363 οἱ
1722 1315 1763 1362 δ’

100 1387 348 1443 εἰσεπήδων
379 1387 442 1438 εἰς
463 1388 540 1445 την
562 1388 696 1431 πόλιν
722 1390 811 1431 τῶν
842 1388 965 1431 ἔνδον
987 1391 1093 1444 περὶ
1123 1398 1217 1439 τοῖς
1238 1392 1424 1442 τείχεσιν
1456 1385 1607 1439 ὄντων,
1642 1387 1769 1430 ἐνίων

100 1455 147 1498 δὲ
178 1457 250 1498 καὶ
282 1455 396 1512 πρὸς
415 1459 530 1498 θέαν
550 1458 638 1498 τῶν
670 1455 752 1506 ἔξω
779 1455 857 1512 τὴν
887 1457 1061 1513 γνώμην
1092 1458 1458 1512 περισπωμένων.
1508 1457 1581 1497 καὶ
1614 1455 1656 1497 οἱ
1686 1455 1765 1509 μὲν
1783 1459 1836 1498 47

99 1521 178 1580 τὴν
200 1522 332 1567 πόλιν
352 1518 485 1580 ᾕρουν
506 1525 576 1566 καὶ
607 1523 780 1573 πάντας
808 1523 910 1574 τοὺς
942 1523 1277 1579 ἐντυγχάνοντας
1308 1523 1509 1575 ἔκτεινον,
1536 1518 1702 1579 Ἰησοῦς
1724 1522 1770 1565 δὲ

100 1591 202 1641 τοὺς
239 1590 578 1647 προσελθόντας
619 1590 682 1641 εἰς
710 1600 860 1647 χεῖρας
888 1591 1157 1647 βιασάμενος
1188 1600 1341 1648 φυγεῖν
1370 1593 1603 1646 τρέπεται,
1646 1605 1770 1632 συνε-

102 1658 363 1713 λαυνόμενοι
394 1658 441 1700 δὲ
472 1655 532 1708 ὥς
564 1658 627 1708 εἷς
658 1654 862 1713 άκέραιον
892 1658 969 1716 τὴν
1002 1658 1134 1702 πόλιν
1167 1658 1263 1701 ἐπεὶ
1286 1661 1359 1702 καὶ
1380 1658 1541 1715 ταύτην
1564 1657 1770 1714 ἐχομένην

214 1794 236 1837 ξ
260 1796 302 1828 43
328 1810 371 1821 =
394 1793 504 1828 Iosua
529 1793 595 1828 VII
623 1796 674 1828 17.

214 1927 680 1963 ROMSPLELatZonaras
705 1928 722 1962 I
746 1940 781 1973 p.
808 1930 862 1962 78.
912 1928 1163 1964 Theodoretus
1188 1928 1205 1962 Ι
1229 1939 1263 1972 p.
1292 1931 1369 1963 201.

217 2000 231 2030 1
258 1993 442 2042 ἐκκλὴρου
465 1996 495 2030 L
577 1993 726 2037 τούτου]
752 1998 866 2032 τοῦτο
892 1996 988 2031 MSL
1069 1993 1115 2031 τὸ
1143 2006 1210 2030 om.
1239 1995 1267 2029 O
1345 1994 1636 2040 τετολμημένον,
1661 1994 1701 2030 έν
1725 2005 1772 2029 ex

102 2064 195 2089 corr.
222 2053 246 2088 S
361 2055 379 2086 2
405 2055 617 2098 δηλοῦντος]
643 2055 848 2099 δηλοῦντοσ
872 2049 967 2088 εἶναι
993 2049 1101 2090 (εἶναι
1126 2052 1294 2093 deletum)
1320 2051 1359 2085 M
1473 2052 1677 2096 προτίθησι
1703 2047 1773 2086 τὸν

101 2112 243 2156 κλῆρον
268 2105 408 2154 ταύτησ
432 2111 475 2144 tr.
491 2109 531 2145 M
620 2110 850 2155 προστίθησι
868 2109 899 2143 Ε
998 2110 1017 2142 3
1043 2102 1232 2155 *Ἀχάροιῆ
1259 2103 1424 2155 α’χαριόυ
1441 2107 1494 2142 SP
1519 2108 1708 2154 σαχαρίου
1733 2107 1773 2140 Μ

103 2166 292 2212 σαραχίου
307 2165 471 2200 Bernard
489 2175 569 2199 cum
587 2165 768 2200 Schotano
841 2161 1038 2209 εὑρίσκετο
1057 2164 1128 2198 ML
1199 2166 1219 2197 4
1243 2160 1341 2200 κατὰ
1361 2163 1414 2198 SP
1484 2163 1711 2209 γιγνομένησ
1733 2163 1773 2197 Μ

218 2224 236 2254 5
262 2222 396 2256 δεινιῦσ
421 2217 537 2257 αὐτὸν
562 2224 630 2257 τοῦ
653 2223 747 2256 θεοῦ
772 2224 816 2255 tr.
843 2221 913 2254 ML
984 2216 1109 2256 δεινὸσ
1133 2219 1215 2254 RO¹
1285 2222 1305 2254 6
1333 2216 1517 2266 ὁμολογεῖ
1538 2219 1683 2254 LEZon

104 2273 151 2314 τὰ
177 2273 303 2324 φώρια
328 2279 509 2323 παρῆγεν]
536 2274 698 2323 παράγει
724 2274 769 2313 τὰ
796 2274 921 2323 φώρια
948 2277 1059 2311 EZon
1130 2279 1147 2309 ἵ
1173 2274 1224 2317 ἐν]
1250 2279 1295 2322 τῆ
1320 2276 1348 2311 Ο
1420 2274 1461 2311 ἐν
1485 2278 1588 2311 νυκτὶ
1613 2286 1681 2310 om.
1701 2275 1774 2310 Lat

219 2335 238 2367 8
264 2330 491 2379 πρεπούσης]
518 2330 787 2379 προσηκούσησ
803 2333 875 2366 ML
945 2336 964 2366 9
991 2328 1126 2373 Ναϊὰν]
1153 2329 1250 2368 δίναν
1267 2332 1306 2366 Μ
1330 2331 1444 2378 γαΐαν
1461 2331 1484 2366 S
1509 2331 1595 2378 γαῒν
1611 2331 1640 2365 Ρ
1665 2327 1773 2373 άνὰν,

103 2390 128 2424 i.
143 2399 253 2434 marg.
279 2386 415 2435 γιιϊνὰν
438 2388 468 2423 L
495 2383 582 2424 α’·ίαν
605 2388 638 2423 Ε
664 2389 811 2423 αιΙιιιΙαιι
833 2389 906 2423 Lat
930 2389 1028 2424 Ναΐν
1056 2388 1133 2423 Zon
1226 2384 1352 2430 αὐτὸς]
1379 2383 1515 2430 αὐτοὺς
1540 2388 1596 2422 ed.
1610 2398 1677 2432 pr.‚
1704 2397 1772 2422 om.

105 2446 212 2480 ELat
332 2449 370 2479 10
395 2446 688 2491 *προλογχίσασ
713 2444 741 2478 O
768 2446 1096 2492 προλολσυχίσασ,
1130 2446 1291 2490 ουχίσασ
1322 2445 1441 2489 suppl.
1464 2455 1510 2478 m.
1530 2454 1603 2478 rec.
1624 2443 1775 2488 antiqua

106 2501 288 2547 scriptura
312 2501 470 2536 euanida
494 2501 525 2535 L
652 2504 687 2536 11
718 2498 964 2546 *σνμβάλλει1
991 2498 1212 2548 προβάλλει,
1237 2514 1312 2546 προ
1339 2500 1457 2546 suppl.
1483 2511 1528 2534 m.
1553 2509 1626 2534 rec.
1651 2499 1774 2543 priore

107 2558 289 2603 scriptura
313 2557 470 2592 euanida
488 2557 518 2591 L
610 2556 818 2603 *θράσους-1
844 2554 1020 2604 θάρσοισ
1044 2557 1196 2593 ROSPL
1291 2553 1408 2603 αὖτῆσ
1431 2556 1478 2590 L¹
1573 2558 1613 2589 13
1640 2555 1775 2597 τούτω,

107 2627 129 2650 τ
153 2616 238 2649 ante
263 2629 293 2650 ω
317 2614 341 2648 i.
366 2624 438 2648 ras.
464 2624 510 2647 m.
538 2615 557 2647 2
583 2613 606 2648 S
747 2617 788 2648 14
813 2610 945 2649 *ε’πειτ
954 2609 975 2654 ’]
999 2611 1081 2649 ἐπεὶ
1110 2609 1147 2648 δ’
1172 2613 1242 2647 ML
1384 2616 1423 2647 15
1450 2609 1583 2658 σημεῖά
1609 2625 1650 2648 τε
1674 2609 1774 2654 δοὺς]

107 2680 230 2705 errare
254 2670 328 2704 uid.
355 2670 606 2705 Theodoretus
630 2680 666 2714 p.
694 2673 779 2704 201:
807 2666 852 2705 τὸ
878 2669 1007 2712 μέντοι
1031 2675 1179 2715 γαϊσοι,
1205 2663 1234 2717 ᾦ
1261 2682 1350 2711 τους
1373 2671 1569 2714 λοχῶντας
1593 2665 1776 2715 διήγειρεν

107 2728 254 2772 Ἰησοῦς,
279 2722 419 2762 ασπίδα
444 2722 674 2771 ἡρμήνεῑσεν
700 2723 720 2761 ὃ
745 2722 942 2771 Ιώσηπος;
967 2725 1013 2760 cf.
1039 2725 1150 2760 Iosua
1172 2725 1260 2760 VIII
1288 2728 1327 2759 18
1446 2728 1484 2758 17
1510 2720 1631 2766 ε’νὸον]
1656 2721 1776 2766 ε’νδον,

109 2794 130 2818 ο
156 2792 202 2816 ex
227 2796 256 2817 ω
283 2792 374 2816 corr.
400 2781 458 2817 RS
483 2779 610 2824 ἔνδων,
636 2797 666 2817 ω
691 2792 736 2816 ex
762 2794 782 2817 ο
808 2781 881 2816 uid.
909 2791 1001 2816 corr.
1020 2781 1060 2815 M
1152 2787 1232 2823 τοῖς
1257 2792 1324 2816 om.
1342 2780 1470 2815 MSPL
1565 2783 1606 2815 19
1631 2778 1777 2827 *ἧρουν

107 2837 291 2872 ROMP¹L
385 2839 426 2872 20
453 2835 783 2884 *προσελθόντας]
804 2837 1085 2884 procedentibus
1100 2837 1172 2872 Lat
1196 2833 1462 2884 προελθόντας
1487 2836 1580 2871 coni.
1675 2837 1778 2882 *χεῖ-

110 2897 191 2940 ρας]
216 2889 289 2930 τὰσ
310 2899 448 2940 χεῖρασ
471 2894 557 2930 SPL
673 2891 907 2941 βιασάμενος
932 2904 998 2929 om.
1024 2892 1056 2928 Ε
1177 2896 1320 2939 φυγεῖν]
1345 2887 1496 2938 φεύγειν
1519 2891 1625 2937 MSP,
1651 2903 1719 2928 om.
1744 2892 1775 2927 L

110 2950 167 2986 εἰσ
191 2956 322 2996 φυγεῖν
347 2950 379 2984 Ε
403 2950 440 2983 in
462 2950 595 2995 fuqam
619 2950 692 2985 Lat
784 2953 822 2984 21
850 2948 1045 2995 ἐχομένην]
1073 2948 1275 2995 οἰχομένην
1298 2948 1398 2984 ROE
