2170 3475
315 235 469 272 LXVHI
1045 226 1240 262 Praefatio.

431 349 567 390 Vnum
605 346 742 387 locum
783 342 984 385 maiorem
1024 340 1067 381 X
1106 341 1157 393 §g
1187 340 1425 382 269—276
1468 335 1730 390 transcripsit
1768 334 1978 378 Iohannes

320 418 645 471 Chrysostomus
675 410 833 454 saeculi
864 409 922 450 IV
954 407 1152 462 scriptor,
1182 420 1259 450 nec
1290 413 1430 449 tamen
1461 404 1540 456 ita,
1579 407 1624 445 ut
1653 416 1736 446 non
1768 400 1979 458 quaedam

317 486 410 539 ipse
440 485 631 524 mutaret.
693 482 734 521 et
764 478 844 520 nisi
874 477 998 519 fallor
1029 475 1173 518 codice
1204 488 1303 517 usus
1334 478 1397 516 est
1427 472 1612 514 maxime
1643 471 1772 513 simili
1793 470 1979 512 Lauren·

320 553 433 594 tiano
455 549 526 603 (L)
559 552 599 590 θῖ
631 545 837 588 Vaticano
869 544 942 598 (V)
974 544 1096 596 eique
1123 556 1175 585 ex
1207 555 1288 595 quo
1320 541 1504 595 epitoma
1535 544 1738 592 excerpta
1767 543 1842 581 θεῖ.
1894 550 1978 580 cer-

319 619 427 661 tiora
457 615 509 658 de
541 613 810 657 Theodoreto
843 612 941 667 Cyri
972 611 1170 665 episcopo
1207 608 1407 652 affirmari
1438 608 1558 661 licet,
1598 606 1670 660 qui
1699 606 1742 649 in
1772 617 1979 649 commen-

319 685 438 728 tariis
468 682 649 737 Iosepho
690 680 900 723 interdum
931 692 1031 721 usus
1063 683 1127 720 θεῖ
1148 678 1195 732 ¹);
1241 691 1340 719 nam
1371 682 1416 718 ut
1446 687 1574 728 supra
1613 673 1796 716 diximus
1826 673 1868 715 X
1900 675 1982 715 266

319 751 442 795 affert
480 751 674 793 similiter
711 748 966 803 interpolata
1008 760 1059 790 ac
1096 750 1193 788 sunt
1237 745 1279 787 in
1321 743 1499 786 SPLVE
1531 746 1573 784 et
1604 742 1755 784 Latino
1769 740 1827 795 ε2),
1871 739 1984 783 unde

319 819 487 873 generis
525 817 768 873 interpolati
809 815 998 859 codicem
1038 815 1092 857 ab
1134 827 1182 856 eo
1223 812 1459 854 adhibitum
1500 822 1594 853 θεεθ
1623 813 1812 864 apparet.
1871 806 1990 851 addo

319 887 450 929 alium
482 887 620 929 locum
650 886 786 927 minus
816 897 991 939 grauem
1012 882 1093 924 VII
1115 884 1194 923 347
1228 882 1283 936 (p.
1308 883 1398 933 165,
1425 878 1508 933 13),
1540 877 1612 920 ubi
1644 876 1793 920 eadem
1823 876 1986 919 ratione

321 968 416 998 cum
455 953 520 996 SP
561 958 601 996 et
631 953 781 995 Latino
813 949 957 1007 πηγὴν
989 950 1137 1002 habet,
1168 948 1312 1004 paullo
1345 951 1583 1001 corruptum
1614 947 1692 1001 γῆν
1723 945 1785 999 Μ,
1823 948 1868 986 at
1896 944 1985 988 lon-

321 1023 414 1075 gius
444 1026 649 1064 remotum
680 1019 822 1076 πύλην
853 1019 940 1062 RO.

435 1089 575 1131 Etiam
597 1087 836 1143 Stephanus
861 1085 1091 1141 Byzantius
1121 1085 1201 1127 hoc
1230 1085 1323 1128 loco
1355 1081 1652 1127 memorandus
1683 1085 1759 1134 θεῖ,
1791 1094 1885 1124 cum
1915 1093 1987 1123 no-

322 1157 435 1200 mina
456 1157 618 1209 aliquot
638 1155 804 1198 urbium
825 1154 1161 1209 populorumque
1192 1167 1244 1196 ex
1270 1152 1450 1206 Iosepho
1483 1150 1752 1206 excerpserit.
1804 1148 1875 1202 qui
1905 1147 1989 1203 pri-

322 1239 435 1267 mum
466 1225 506 1266 II
538 1226 560 1264 3
594 1222 652 1278 (p.
677 1226 742 1276 83,
771 1223 837 1277 14)
874 1235 967 1264 cum
998 1220 1191 1262 ROMLE
1225 1216 1381 1273 ἐίὸωμα
1412 1220 1561 1273 habet,
1598 1231 1682 1261 non
1713 1216 1863 1271 ἕόωμα
1895 1229 1989 1258 cum

325 1292 402 1334 SP.
453 1291 624 1334 maioris
646 1290 846 1332 momenti
869 1294 944 1343 θεῖ,
977 1289 1091 1342 quod
1114 1289 1146 1331 V
1170 1291 1221 1330 35
1244 1284 1374 1330 Ἄννα
1396 1288 1544 1330 habuit
1574 1291 1795 1342 praeterea
1824 1285 1868 1327 in
1898 1284 1988 1327 solo

323 1361 366 1402 M
398 1365 438 1402 et
469 1359 621 1414 partim
651 1359 694 1400 in
724 1358 758 1399 L
789 1362 1026 1409 scruatum3
1060 1361 1205 1399 contra
1235 1356 1394 1409 gentile
1425 1350 1634 1410 jivvlzrjg,
1669 1353 1783 1407 quod
1812 1355 1992 1395 testatur

324 1428 578 1482 Stephanus,
599 1439 807 1480 nusquam
828 1425 870 1467 in
893 1424 1110 1467 codicibus
1132 1423 1349 1478 reperitur.
1359 1424 1391 1475 ³)
1433 1423 1587 1466 deinde
1603 1423 1640 1464 V
1656 1426 1704 1464 87
1727 1420 1785 1476 (p.
1805 1423 1899 1474 309,
1923 1419 1990 1471 17)

325 1508 420 1538 cum
450 1495 597 1537 MSPL
629 1500 772 1536 contra
802 1492 875 1535 RO
907 1492 1018 1535 facit.
1074 1491 1257 1546 denique
1280 1492 1335 1534 VI
1358 1494 1437 1533 330
1471 1505 1564 1534 cum
1596 1489 1744 1534 ROVE
1775 1487 1920 1544 Δώρῳ
1952 1493 1994 1532 θῖ

326 1564 484 1615 Δῶρον
508 1563 648 1615 habet,
670 1576 752 1605 non
775 1556 1003 1615 Άενόιόρῳ
1027 1563 1068 1602 et
1089 1555 1333 1614 Άὲνὸωρον
1355 1560 1424 1601 uel
1446 1558 1606 1612 Enclor,
1630 1557 1743 1611 quod
1765 1557 1876 1600 MSP
1898 1570 1993 1600 eum

326 1631 419 1672 Lat.
452 1630 672 1681 exhibent3
714 1628 872 1670 ibidem
909 1635 1050 1671 tamen
1081 1642 1118 1682 p.
1144 1630 1209 1681 77,
1237 1632 1250 1668 1
1290 1626 1496 1681 Stephani
1528 1621 1601 1668 ὅτε
1632 1626 1773 1680 potius
1803 1637 1857 1667 ex
1888 1637 1992 1668 uoce

329 1694 472 1747 ὄντας,
505 1710 614 1750 quae
645 1698 687 1739 in
717 1696 920 1739 MSPExc
951 1700 1035 1749 est,
1069 1708 1194 1748 quam
1227 1708 1279 1737 ex
1311 1709 1359 1738 eo
1392 1695 1505 1747 quod
1536 1693 1610 1737 ΒΟ
1644 1694 1801 1736 habent
1831 1688 1995 1747 ἄνδρας

329 1769 570 1819 corruptum
598 1765 775 1808 uidetur.
828 1764 939 1818 quod
972 1764 1007 1806 si
1038 1777 1184 1806 uerum
1217 1768 1290 1816 θεῖ,
1323 1763 1403 1805 hoe
1433 1764 1525 1805 loco
1557 1775 1583 1804 a
1614 1762 1830 1804 nominum
1869 1761 1994 1804 inter·

329 1833 546 1887 polatione
576 1833 773 1875 immunis
805 1833 846 1875 in
879 1832 1030 1875 ceteris
1061 1832 1105 1874 id
1135 1844 1268 1885 genus
1300 1831 1488 1885 sequitur
1519 1830 1636 1873 cuius
1667 1833 1765 1876 sunt
1785 1826 1919 1882 MSP3
1950 1826 1997 1870 id

330 1901 444 1953 quod
474 1901 623 1942 mirum
654 1914 737 1943 non
768 1905 851 1954 est,
889 1900 1086 1955 quoniam
1117 1899 1331 1942 nominum
1362 1898 1597 1940 immutatio
1630 1911 1724 1940 cum
1755 1897 1841 1939 alia
1870 1896 1996 1939 inter-

329 1968 546 2022 polatione
576 1981 658 2011 non
689 1969 926 2012 necessario
958 1966 1250 2021 coniungenda
1282 1973 1368 2021 θεῖ,
1410 1966 1485 2009 sed
1516 1966 1623 2008 alias
1655 1978 1803 2008 causas
1834 1964 1996 2008 habuit.

330 2059 385 2064 -—
417 2035 625 2078 Iohannes
656 2037 944 2080 Antiochenus
983 2036 1026 2078 in
1057 2035 1274 2090 parallelis
1306 2034 1437 2077 sacris
1470 2048 1597 2078 unum
1630 2034 1815 2088 locum-¹)
1847 2047 1899 2077 ex
1931 2034 1997 2077 his

330 2103 503 2157 Iosephi
542 2104 660 2146 libris
699 2105 922 2158 exscripsit
960 2105 1026 2155 lg
1052 2107 1116 2157 14,
1147 2103 1218 2145 ubi
1249 2116 1341 2145 eum
1373 2102 1524 2156 SPLff‘)
1563 2096 1846 2155 εὐδαιμονίας
1877 2101 1997 2146 dedit

332 2185 415 2213 non
446 2184 539 2213 cum
570 2171 643 2214 ΒΟ
677 2167 948 2225 εἷ’ὁαιμονία.

446 2239 621 2281 Restant
644 2238 740 2293 duo,
771 2253 946 2293 quorum
969 2238 1208 2281 testimonia
1229 2238 1387 2292 passim
1409 2241 1556 2279 extant
1578 2237 1618 2278 in
1641 2237 1997 2292 adnotationibus,

333 2306 542 2348 Iohannes
564 2305 826 2361 Cedrenus··)
860 2307 1016 2350 sacculi
1049 2306 1113 2348 XI
1146 2312 1187 2348 et
1217 2305 1396 2347 Michacl
1420 2305 1590 2359 Glycas,
1627 2305 1698 2357 qui
1729 2305 1872 2360 paullo
1904 2310 2000 2360 post

335 2373 543 2416 Zonaram
574 2375 754 2430 scripsit,
787 2389 964 2428 quorum
997 2380 1170 2427 uterque
1203 2386 1300 2415 usus
1333 2378 1395 2415 est
1426 2373 1532 2414 libro
1565 2373 1732 2427 generis
1763 2372 1996 2416 deterioris.

453 2488 481 2521 1>
507 2485 569 2519 scd
595 2484 754 2520 dubitari
779 2488 916 2530 potest,
951 2489 1070 2520 utrum
1102 2485 1179 2530 ipse
1206 2483 1350 2528 Iosephi
1384 2484 1496 2519 uerba
1527 2485 1653 2528 legerit
1677 2495 1725 2519 an
1750 2483 1896 2519 aliunde
1921 2494 2000 2519 mu·

336 2543 459 2575 tuatus
478 2542 534 2575 sit.
573 2543 641 2577 hoc
659 2544 699 2577 ut
716 2542 826 2577 statui
845 2542 969 2587 possit,
996 2541 1134 2576 faciunt
1153 2551 1244 2585 quac
1270 2541 1339 2576 nol.
1356 2540 1388 2574 11
1411 2552 1444 2585 p.
1462 2543 1526 2574 ⁴31ss
1553 2541 1607 2575 ed.
1628 2541 1743 2575 Paris.
1785 2539 1930 2575 exhibet
1956 2550 2001 2575 ex

336 2595 490 2640 Iosepho
514 2598 599 2632 Ant.
625 2598 704 2633 Iud.
730 2598 763 2633 X
789 2602 864 2633 232.
892 2600 968 2633 248.
1007 2598 1059 2633 ita
1085 2600 1275 2642 excerpta,
1310 2600 1348 2632 ut
1373 2608 1443 2632 non
1470 2597 1586 2641 ipsum
1612 2597 1803 2642 Iosephum
1829 2596 2000 2631 habuisse

337 2653 516 2687 uideatur.

452 2714 482 2748 2,
508 2710 546 2744 M
571 2711 629 2746 hic
655 2711 800 2747 defecit.

452 2771 483 2804 15,
510 2763 674 2803 (Ex-murh-
699 2765 903 2804 ciram-oro
929 2771 965 2803 et
990 2768 1175 2803 «fam-010·
1201 2767 1236 2800 in
1263 2766 1300 2800 M
1328 2769 1381 2800 cst
1406 2768 1448 2808 ἕξ
1475 2769 1527 2799 35.
1557 2769 1608 2799 45.
1637 2769 1689 2799 ⁴1¹).

453 2826 484 2858 —ll
510 2835 611 2866 quem
637 2824 671 2858 in
698 2825 933 2860 adnotatione
959 2825 1127 2860 omissum
1154 2823 1189 2857 in
1216 2822 1389 2858 addendis
1417 2822 1532 2866 posui.

454 2883 486 2915 ὃ)
511 2891 553 2913 cx
581 2880 617 2914 M
643 2883 731 2916 hacc
755 2882 976 2917 exciderunt.

455 2941 486 2970 «ιι
513 2942 667 2972 ceterum
701 2938 857 2974 dubitari
891 2942 1029 2982 potest,
1063 2947 1146 2972 num
1173 2936 1356 2972 Cedrenus
1392 2935 1468 2979 ipse
1495 2935 1686 2980 Iosephum
1718 2934 1850 2970 uiderit
1882 2937 1918 2970 et
1943 2944 2004 2969 ex·

341 2993 525 3038 cerpserit.
