2160 3439
264 573 344 613 349

380 185 457 223 156
835 182 998 226 ANTIQ.
1022 182 1119 217 IUD.
1144 182 1180 217 H
1204 185 1382 218 348-349
1407 184 1478 226 (xw
1495 189 1523 215 5.
1541 184 1571 225 6)

376 300 506 354 λαγος
535 298 605 339 καὶ
639 293 744 339 ὁδὸν
777 293 911 352 ἄλλην
944 290 1018 338 οὐκ
1049 295 1197 349 ἔχουσι
1230 299 1423 352 παρέσχε
1443 295 1521 352 τὴν
1543 291 1606 339 δι’
1629 290 1763 338 αὐτοῦ
1791 295 2035 338 καταλῦσαι

374 364 451 421 τὴν
489 365 676 418 Περσῶν
717 361 952 420 ἡγεμονίαν
990 365 1067 406 τοῦ
1105 366 1216 406 θεοῦ
1250 364 1544 421 θελήσαντος,
1589 364 1662 406 καὶ
1701 365 1831 406 τοῦτο
1870 361 2035 413 πάντες

375 430 664 488 ὁμολογοῦσιν
695 432 737 475 οἱ
767 431 847 482 τὰς
875 427 1162 487 Ἀλεξάνδρου
1192 431 1376 487 πράξεις
1407 430 1778 488 συγγραψάμενοι.
1828 431 1933 487 περὶ
1953 429 2033 485 μὲν

377 491 451 543 οῦν
480 498 647 542 τούτων
678 496 738 550 ιῦς
769 498 936 555 ἑκάστῳ
969 499 1089 542 δοκεῖ
1118 499 1467 554 διαλαμβανέτω.

488 571 526 612 6.
577 570 641 624 Τῇ
681 563 721 609 δ’
748 564 960 624 ὑστεραίᾳ
997 566 1053 609 τὰ
1093 562 1213 610 ὅπλα
1250 570 1338 611 τῶν
1376 567 1643 624 Αἰγυπτίων
1680 569 2035 625 προσενεχθέντα

373 639 436 692 τῷ
467 635 756 692 στρατοπέδῳ
786 631 1102 690 τιῦνἙβραίων
1122 632 1209 678 ὑπὸ
1239 637 1318 678 τοῦ
1349 636 1425 692 ῥοῦ
1455 637 1529 678 καὶ
1558 638 1634 692 τῆς
1662 639 1765 690 βίας
1794 637 1871 678 τοῦ
1902 633 2035 677 πνεύ-

373 720 514 758 ματος
544 699 619 746 ἐπ’
650 702 785 746 ἐκεῖνο
818 701 1075 760 ἐκδιδούσης
1106 701 1127 746 ὁ
1161 705 1363 759 ΠΙωυσῆς
1402 704 1474 746 καὶ
1505 705 1634 746 τοῦτο
1666 702 1845 754 εἰκάσας
1873 705 1927 760 τῇ
1956 704 2036 745 τοῦ

374 774 485 814 θεοῦ
516 775 708 828 προνοίᾳ
737 774 971 827 γεγονέναι,
1003 766 1128 822 ὅπως
1164 771 1275 829 μηδὲ
1306 766 1458 814 ὅπλων
1498 761 1606 814 ὦσιν
1638 767 1815 826 ἄποροι,
1848 785 2035 826 συναγα-

373 839 461 896 γών
498 841 571 882 καὶ
609 839 783 890 τούτοις
821 838 1046 889 σκεπάσας
1090 838 1193 890 τοὺς
1227 837 1453 896 Ἑβραίους
1496 830 1596 896 ἦγεν
1643 837 1718 882 ἐπὶ
1763 837 1812 882 τὸ
1856 842 2034 882 Σιναῖον

374 904 476 965 ὅρος
506 906 660 951 θύσων
692 906 779 950 ἐκεῖ
807 909 870 963 τῷ
900 909 998 963 θεῷ
1028 908 1100 949 καὶ
1131 906 1185 950 τὰ
1207 910 1384 965 σῶστρα
1419 909 1496 964 τῆς
1535 906 1741 964 πληθύος
1772 903 2033 960 ἀποδώσων,

374 974 528 1026 καθώς
561 970 679 1031 αὐτῷ
708 977 781 1018 καὶ
812 978 1066 1032 προείρητο.

486 1098 986 1135 ROMSPLAELatZonaras
1010 1100 1027 1134 I
1050 1111 1085 1145 p.
1113 1102 1167 1134 59.
1216 1099 1432 1134 Eustathius
1456 1098 1495 1133 in
1519 1099 1678 1133 hexaiim.
1705 1110 1740 1143 p.
1768 1101 1822 1133 89.

490 1159 506 1191 1
533 1153 710 1202 *ἔχουσιν
732 1156 895 1192 MS¹P¹A
987 1156 1203 1202 *παρέσχεν
1219 1156 1383 1190 MS¹P¹A
1474 1151 1581 1202 *τὴν1
1606 1152 1650 1191 τὸ
1669 1154 1733 1190 RO
1825 1149 2037 1190 *διἀὓτοῦ

373 1214 418 1247 Ρ2
488 1215 507 1247 3
526 1209 819 1259 *ὁμολογοῖ-σιν,
842 1215 966 1259 μολογ
989 1212 1013 1246 i.
1039 1223 1110 1247 ras.
1137 1214 1224 1246 2—3
1250 1212 1319 1247 litt.
1345 1212 1372 1246 P
1451 1215 1471 1246 4
1497 1206 1564 1248 οὖν
1588 1222 1655 1246 om.
1683 1211 1716 1246 R
1792 1214 1811 1245 5
1837 1212 1858 1254 ξ
1883 1213 1948 1246 349
1973 1220 2034 1245 ex-

374 1270 509 1315 cerpsit
533 1269 690 1305 Eustath
818 1265 976 1316 ῧστερέα
1001 1269 1035 1304 R
1172 1271 1192 1302 6
1218 1271 1283 1317 τῷ]
1308 1267 1348 1304 ἐν
1373 1272 1426 1305 τιῦ
1452 1269 1509 1303 SA
1647 1268 1761 1314 *ῥοῦ]
1787 1265 1882 1313 ὅρου
1905 1267 1945 1301 Μ

374 1331 391 1361 7
418 1325 551 1363 ἐκείνω
575 1325 721 1361 R¹P²A¹
745 1324 892 1363 ἐκείνωι
918 1327 941 1362 S
1050 1322 1280 1371 εἰσδιδοὺσι]σ
1304 1325 1491 1361 ROSPLA
1593 1322 1643 1361 *ὃ
1673 1327 1847 1370 Μωυσῆς]
1873 1323 2036 1359 MSPLA

372 1383 615 1426 LatEustath‚
640 1394 708 1418 om.
734 1382 798 1418 ΒΟ
912 1385 930 1418 8
956 1376 1059 1424 αἷσιν]
1085 1382 1178 1419 εἰσὶν
1202 1381 1266 1416 RO
1379 1385 1398 1416 9
1425 1383 1571 1418 σι’ναιον
1595 1382 1715 1418 SPLE
1828 1384 1866 1415 11
1894 1376 2035 1429 *αὖτῴῙ

375 1437 490 1478 αῦτιῦι
514 1452 559 1476 ex
583 1435 689 1476 αὐτοὶ
715 1450 807 1475 corr.
834 1440 858 1475 S
882 1436 976 1476 αὐτὸ
1002 1439 1045 1473 P¹
1138 1440 1387 1486 *προείρηται
1412 1439 1481 1473 ML

488 1520 799 1565 Subscriptiones:
830 1518 943 1555 τέλοσ
967 1521 1035 1555 τοῦ
1060 1519 1234 1565 δευτέρου
1258 1516 1375 1565 λόγου
1406 1521 1474 1565 τῆσ
1507 1516 1678 1564 ἰωσήττου
1702 1512 1977 1564 οἷρχαιολογίασ
2001 1515 2035 1551 R

374 1580 512 1624 φλιῖιοῦ
543 1575 712 1622 ἰωσήπου
737 1577 929 1622 ἰουδαϊκῆσ
959 1571 1233 1623 ιῖρχαιο).ογιἀσ
1257 1577 1410 1623 βιβλίον
1439 1573 1474 1622 β’
1501 1576 1540 1610 Μ
1601 1576 1738 1621 φαυιόυ
1761 1573 1840 1615 (sic)
1865 1570 2035 1619 ι’ωσήπου

374 1634 566 1680 ἰουδαϊκῆσ
592 1633 869 1680 ᾱρχαιολογίασ
893 1630 928 1679 β’
956 1633 979 1668 S
1027 1635 1186 1678 φλαυιόυ
1211 1633 1380 1678 ἰωσήπου
1404 1632 1596 1679 ἰουδαϊκῆσ
1621 1627 1898 1679 ἅρχαιολογιάσ
1915 1627 2035 1677 λόγοσ

373 1690 410 1738 β’
435 1691 497 1726 ΡΑ
582 1691 749 1737 φλαβιόυ
773 1687 943 1735 ι’ωσήπου
966 1690 1159 1736 ἰουδαϊκῆσ
1188 1685 1465 1736 α’ρχαιολογίασ
1489 1691 1640 1736 βιβλίον
1664 1686 1840 1735 δεύτερον
1864 1687 1895 1722 L
1972 1698 2035 1723 ex—

372 1748 477 1794 plicit
503 1748 610 1793 fluuii
639 1745 806 1792 iosepplei
836 1746 1003 1780 iudaicae
1026 1747 1255 1792 antiquitatis
1281 1747 1369 1782 liber
1392 1744 1441 1780 II
1460 1745 1588 1791 incipit
1611 1744 1700 1781 liber
1725 1745 1850 1780 tertius
1875 1743 1946 1780 Lat

374 1803 534 1851 περιέχει
563 1799 583 1840 ὁ
609 1800 729 1849 λόγοσ
753 1799 815 1848 ἔτι]
840 1800 895 1838 σκ’
922 1803 954 1837 Ε

2065 912 2102 946 10
