2091 3418
535 223 696 268 ANTIQ.
723 224 818 260 1UD.
845 224 876 260 V
901 227 1080 260 230-250
1105 227 1178 266 (vm
1195 229 1293 267 3—5)
1667 222 1745 260 347

85 342 224 381 θεῖσα
255 334 314 388 ῶς
346 331 398 380 ὃν
430 331 585 392 ἆγάγοι
615 335 691 379 τὸν
723 335 861 394 ἄνδρα
893 337 1250 395 συγχωρήσαντος
1280 340 1448 392 μέτεισι
1474 336 1551 379 τὸν
1577 336 1749 379 ,Μάνω-

83 422 174 460 χον.
235 402 256 447 ὁ
291 405 337 447 δὲ
368 403 650 457 θεασάμενος
682 401 776 447 οἰ·ὸ“’
811 402 948 456 οἱῗτως
987 404 1176 448 ἐπαύετο
1213 408 1290 462 τῆς
1333 402 1546 455 ὑπονοίας
1586 402 1747 461 ἠξίωσέ

85 490 130 516 τι
167 473 238 515 καὶ
282 468 399 528 αὐτῷ
440 471 596 528 ὄηλοῦν
636 468 720 515 ὅσα
759 476 830 517 καὶ
865 476 918 530 τῇ
958 476 1127 529 γυναικὶ
1167 472 1410 529 μηνύσειεν.
1472 468 1670 527 ἀρκέσειν
1702 471 1749 514 δὲ

87 539 342 598 φράσαντος
371 539 532 596 ταύτην
563 540 700 598 μόνην
733 542 918 591 εἰδέναι,
957 545 1026 591 τίς
1057 540 1122 597 εἴη
1156 542 1294 596 λέγειν
1325 539 1535 592 ἐκέλευεν,
1568 540 1640 582 ἵνα
1671 540 1748 582 τοῦ

86 606 252 658 παιδὸς
279 610 514 663 γενομένου
542 607 668 662 χάριν
702 605 819 665 αὐτῷ
840 610 909 651 καὶ
935 607 1102 663 δωρεὰν
1124 608 1403 663 παράσχωσι.
1453 609 1530 650 τοῦ
1562 607 1608 649 d&
1637 606 1749 663 μηδέ·

84 691 217 719 τινων
249 670 368 730 αὐτῷ
400 675 579 718 δεῖσθαι
614 676 858 732 φήσαντος,
893 672 988 719 οῦδὲ
1022 675 1104 732 γὰρ
1136 675 1245 718 κατὰ
1273 679 1424 730 χρείαν
1453 677 1590 717 ταῦτα
1623 671 1750 729 εὐαγ-

83 743 353 798 γελίσασθαι
386 745 487 798 περὶ
521 746 597 799 της
627 746 704 786 τοῦ
736 744 901 794 παιδὸς
930 746 1070 800 γονης,
1101 745 1179 785 τοῦ
1202 743 1247 785 δὲ
1269 752 1418 797 μεῖναι
1441 743 1750 797 παρακαλοῦν-

83 826 160 861 τος
204 811 277 853 καὶ
315 809 467 861 ξενίων
505 821 737 865 μετασχεῖν
777 808 851 854 οῦκ
890 811 1116 862 ἐπένευσε,
1156 812 1367 860 πεισθεὶς
1399 807 1436 852 δ’
1464 806 1583 864 ὅμως
1615 811 1750 852 λιπα-

86 880 265 933 ροῦντος
287 876 513 932 ἐπιμεῖναι
542 876 602 929 (ὃς
633 873 685 921 ἂν
717 878 858 929 ξένιον
891 875 1008 935 αὐτῷ
1038 896 1081 922 τι
1111 883 1284 935 κομίσῃ,
1315 879 1387 920 καὶ
1415 877 1637 927 θύσαντος
1659 876 1748 930 ἔρι-

86 962 172 1004 φον
201 948 278 989 τοῦ
312 946 534 1000 ,Μανώχου
565 948 638 989 καὶ
669 949 823 990 τοῦτον
854 942 998 990 ὀπτᾶν
1028 949 1081 1003 τῇ
1112 947 1280 1002 γυναικὶ
1311 945 1615 995 κελεύσαντος,
1649 943 1748 986 ἐπεὶ

85 1009 220 1057 πάντ’
246 1005 298 1070 ἧν
330 1010 531 1070 εὐτρεπῆ,
565 1014 834 1070 προσέταξεν
866 1013 941 1057 ἐπὶ
968 1017 1044 1070 τῆς
1075 1017 1241 1069 πέτρας
1273 1009 1539 1055 ἀποθέσθαι
1571 1011 1672 1061 τοί-ς
1701 1026 1749 1052 τε

86 1078 248 1138 ἄρτους
278 1084 349 1125 καὶ
382 1081 437 1124 τὰ
467 1085 570 1138 κρέα
599 1084 733 1138 χωρὶς
762 1085 850 1124 τῶν
882 1078 1079 1138 ἀγγείων.
1139 1083 1211 1124 καὶ
1243 1080 1527 1138 ποιησάντων
1559 1074 1749 1122 ἅπτεται

82 1151 136 1206 τῇ
167 1149 316 1206 ῥάβδῳ
347 1145 373 1206 ᾗ
406 1147 492 1203 εἶχε
521 1152 610 1192 τῶν
640 1152 788 1205 κρεῶν,
820 1149 874 1192 τὰ
907 1149 954 1192 δὲ
986 1149 1245 1204 λάμψαντος
1275 1147 1417 1203 πυρὸς
1444 1143 1534 1202 ἅμα
1555 1156 1648 1196 τοῖς
1671 1142 1750 1199 ἆρ-

82 1233 179 1267 τοις
210 1215 379 1260 ἐκαίετο
410 1219 483 1260 καὶ
514 1215 536 1260 ὁ
571 1214 751 1273 ἄγγελος
782 1216 856 1259 διὰ
887 1219 964 1260 τοῦ
994 1219 1164 1260 καπνοῦ
1195 1212 1347 1271 ὥσπερ
1373 1211 1591 1271 ὀχήματος
1614 1209 1749 1257 dmm

85 1283 149 1335 εἰς
179 1280 367 1340 οὐρανὸν
399 1280 549 1336 αὐτοῖς
580 1284 772 1342 φανερὸς
802 1276 866 1340 ἦν.
927 1286 1152 1342 ,Μανώχην
1193 1284 1239 1326 δὲ
1278 1283 1577 1341 φοβούμενον,
1617 1280 1673 1337 μή
1707 1297 1750 1323 τι

86 1351 308 1410 σφαλερὸν
341 1347 491 1403 αὐτοῖς
521 1351 567 1395 ἐκ
596 1355 674 1409 τῆς
704 1350 855 1407 ὄψεως
885 1355 962 1396 τοῦ
993 1355 1104 1396 θεοῦ
1134 1355 1325 1408 γένοιτο,
1368 1354 1556 1406 θαρσεῖν
1586 1346 1610 1405 ἡ
1643 1343 1745 1404 γυνὴ

84 1415 422 1477 παρεκελεύετο·
455 1419 531 1463 ἐπὶ
561 1419 642 1476 γὰρ
675 1423 945 1478 συμφέροντι
974 1423 1036 1476 τῷ
1070 1415 1211 1462 αἰτῶν
1239 1418 1317 1462 τὸν
1338 1417 1448 1462 θεὸν
1473 1414 1622 1466 αὐτοῖς
1643 1413 1751 1472 ὁρα-

84 1489 237 1544 θῆναι.

199 1559 239 1597 4.
274 1555 360 1596 Καὶ
390 1553 483 1597 κύει
513 1571 561 1597 τε
592 1553 727 1612 ἐκείνη
760 1557 833 1598 καὶ
864 1554 1061 1613 φυλακην
1087 1553 1173 1608 εἶχε
1192 1556 1280 1597 τῶν
1303 1553 1500 1605 ἐντολῶν,
1531 1554 1604 1595 καὶ
1626 1551 1748 1608 γενό-

83 1638 215 1677 μενον
245 1621 294 1665 τὸ
332 1622 516 1665 παιδίον
547 1625 781 1677 Σαμψῶνα
819 1624 1048 1676 καλοῦσιν,
1091 1621 1266 1677 ἰσχυρὸν
1299 1617 1340 1664 δ’
1369 1617 1668 1678 ἀποσημαίνει
1698 1618 1747 1661 τὸ

85 1686 240 1745 ὅνομα.
301 1686 453 1746 ηὔξετο
486 1685 527 1731 δ’
553 1687 574 1732 ὁ
609 1699 719 1740 παῖς
750 1691 914 1748 ῥᾳδίως
949 1692 1023 1734 καὶ
1064 1691 1194 1747 δῆλος
1223 1681 1274 1746 ἧν
1306 1687 1628 1746 προφητεύσων
1658 1684 1746 1730 ὑπὸ

84 1759 163 1814 τῆς
194 1758 298 1813 περὶ
327 1755 406 1813 τὴν
439 1757 614 1800 δίαιταν
646 1758 935 1816 σωφροσύνης
963 1759 1038 1801 καὶ
1067 1760 1144 1814 τῆς
1172 1760 1260 1800 τῶν
1288 1759 1447 1813 τριχῶν
1479 1752 1681 1805 ἀνέσεως.

200 1829 238 1868 5.
283 1819 574 1881 Ἀφικόμενος
616 1825 663 1868 δὲ
701 1825 813 1880 μετὰ
851 1828 938 1868 τῶν
978 1828 1141 1882 γονέων
1181 1824 1244 1875 εἰς
1290 1824 1448 1878 Θάμνα
1492 1822 1625 1866 πόλιν
1662 1823 1750 1864 τῶν

86 1892 403 1936 Παλαιστίνων
434 1891 720 1950 πανηγύρεως
751 1889 964 1950 ἀγομένης
996 1892 1073 1950 ἐρᾷ
1112 1895 1343 1949 παρθένου
1373 1893 1461 1933 τῶν
1504 1889 1752 1946 ἐπιχωρίων

41 1972 55 1980 “
88 1961 338 2017 παρακαλεῖ
357 1976 405 2003 τε
425 1958 528 2009 τοῦς
547 1969 689 2016 γονεῖς
721 1957 914 2017 ἄγεσθαι
934 1959 1049 2017 πρὸς
1068 1960 1209 2017 γάμον
1233 1955 1351 2015 αὐτῷ
1371 1957 1451 2014 τὴν
1472 1958 1616 2016 κόρην.
1665 1959 1754 1999 τῶν

201 2086 222 2128 ς
247 2086 314 2119 280
338 2100 382 2112 =
406 2084 520 2120 ludio.
545 2084 635 2119 xm
661 2087 712 2119 10.

199 2206 666 2242 ROMSPLELatZonaras
690 2208 707 2242 Ι
730 2218 766 2252 p.
795 2211 836 2243 89
848 2219 899 2253 sq.
948 2208 1152 2251 Stephanus
1176 2207 1263 2252 Byz.
1289 2218 1317 2242 s.
1346 2203 1489 2250 Θάμνα.

204 2266 220 2298 1
248 2260 311 2304 ὡς]
335 2262 450 2297 donec
474 2262 546 2298 Lat
569 2260 640 2304 ἕως
664 2264 757 2298 conj.
867 2259 990 2310 ἅγάγη
1014 2263 1045 2297 L
1150 2260 1476 2310 συγχωρήσαντος]
1503 2259 1753 2309 συγχωρήσασ

86 2366 128 2402 Μ
211 2333 392 2409 μα’νωχίξν
415 2363 446 2398 L
522 2366 541 2398 2
566 2361 742 2406 ἐπαύετο]
767 2360 882 2400 ἔπαυε
907 2364 971 2399 RO
996 2361 1190 2401 ἐπαύσατο
1216 2364 1270 2399 SP
1340 2359 1444 2409 ἠξίου
1469 2363 1501 2398 Ε
1578 2365 1596 2397 3
1615 2366 1662 2405 τι]
1687 2362 1751 2399 RO

87 2434 148 2458 τοι
165 2421 218 2456 SP
244 2433 285 2456 τε
297 2419 368 2454 ML
439 2421 529 2455 *καὶ
553 2422 651 2460 (ante
675 2422 733 2466 τῇ)
753 2430 820 2455 om.
835 2420 906 2454 ML
976 2415 1190 2467 *α’ρκὲσειν]
1216 2416 1348 2467 α’ρκεῖν
1367 2419 1460 2455 coni.
1532 2422 1552 2453 4
1577 2417 1752 2456 *ἐκέλευε

88 2478 120 2514 L
201 2481 220 2512 5
245 2475 494 2523 παράσχωσιν
519 2475 670 2511 OS¹P¹L
762 2476 852 2522 μηδὲ
875 2479 998 2517 τινων]
1024 2475 1117 2511 ηῖΙιίΖ
1138 2476 1267 2511 horum
1290 2477 1363 2511 Lat
1456 2479 1475 2510 6
1498 2472 1596 2512 κατὰ
1619 2477 1753 2523 χρείαν

88 2536 220 2576 ταῦτα]
247 2533 290 2568 ob
315 2531 410 2567 hano
433 2542 580 2566 causam
603 2531 676 2568 Lat
801 2535 819 2566 7
845 2533 932 2578 περὶ
955 2535 1024 2568 τοῦ
1048 2529 1187 2569 παιδὸσ
1210 2535 1279 2579 τῆσ
1303 2535 1348 2568 tr.
1373 2532 1403 2567 L
1532 2534 1600 2568 τοῦ
1623 2532 1717 2568 δὲ-
1732 2535 1752 2566 9

88 2591 242 2636 κομίσῃ]
261 2589 386 2636 petiit,
418 2591 458 2622 ut
480 2593 727 2634 exspectaret,
759 2591 938 2633 quatenus
967 2589 1002 2623 ei
1024 2588 1175 2634 aliquod
1197 2598 1327 2623 munus
1351 2588 1536 2633 offerrent.
1582 2588 1645 2633 qui
1669 2588 1752 2623 dum

87 2646 262 2694 primitus
284 2655 358 2680 non
382 2643 568 2678 annuisset
582 2648 716 2690 postea
738 2644 933 2690 praecibus
955 2644 1140 2680 insistente
1156 2645 1333 2680 concessit
1349 2648 1390 2678 ut
1405 2643 1556 2689 aliquod
1570 2645 1606 2679 ei
1619 2643 1752 2679 donum

90 2702 196 2738 claret
220 2701 291 2737 Lat
360 2702 429 2737 τοῦ
453 2699 491 2735 δὲ
515 2703 685 2745 suspecta
755 2703 774 2735 8
799 2698 999 2736 ἐπένευσεν
1022 2700 1167 2735 M¹S¹P¹
1254 2702 1460 2742 *πεισθεὶς-1
1487 2700 1567 2745 μέν,
1590 2698 1750 2747 ἐπείσθη

91 2759 185 2795 coni.
257 2761 276 2793 9
301 2755 694 2802 ἐπιμεῖναι--κομίσῃ
719 2758 889 2801 suspecta
956 2754 1127 2801 ἐπέμεινε
1148 2757 1180 2791 L
1250 2760 1296 2798 τι]
1321 2770 1362 2793 τε
1387 2756 1439 2791 SP
1512 2759 1550 2791 11
1577 2753 1702 2793 πάντα
1727 2756 1751 2792 S

203 2808 378 2861 εὖτρεπῆι
403 2813 427 2848 S
452 2807 619 2859 εὐπρεπῆ
641 2813 681 2848 Μ
764 2816 804 2847 13
829 2808 984 2858 *ῥαύδω
1008 2811 1042 2848 R
1120 2810 1352 2858 *λάμψαντα
1378 2812 1407 2846 Ο
1502 2816 1542 2847 16
1565 2816 1634 2849 τοῦ
1657 2816 1753 2850 θεοῦ

91 2881 161 2907 om.
186 2870 216 2906 O
309 2869 471 2916 γένοιτο]
495 2865 692 2915 γενήσοιτο
717 2868 838 2904 ROSP
943 2871 984 2902 20
1009 2871 1183 2903 *samson
1208 2879 1348 2914 semper
1371 2868 1443 2903 Lat
1546 2868 1584 2905 δὲ
1608 2869 1662 2904 SP

93 2929 134 2963 21
159 2923 339 2972 *ηὔξαιτο
366 2925 395 2960 Ο
503 2924 542 2961 δὲ
566 2924 653 2960 SPE
763 2927 805 2960 23
833 2921 978 2968 Θάμνα]
1003 2923 1124 2968 Steph.
1150 2924 1237 2969 ByZ.
1263 2921 1439 2968 θαμνάδα
1463 2924 1528 2960 RO
1555 2922 1751 2970 θαμνάελα

91 2983 131 3017 Μ
153 2978 338 3028 &aava-9&
364 2981 449 3017 SPL
474 2977 603 3025 θαμνὰ
629 2980 741 3017 EZon
766 2979 977 3016 thamnatha
1000 2979 1072 3015 Lat

1778 407 1856 446 231

1780 610 1861 650 232

1779 879 1861 919 253

1780 1082 1861 1123 284

1780 1554 1860 1595 255

1781 1825 1863 1866 286
