2091 3418
61 917 99 951 10

62 1256 98 1288 15

62 1594 100 1627 20

638 187 798 231 ANTIQ.
826 187 920 223 IUD.
947 187 978 221 V
1007 189 1137 221 14-18
1162 190 1278 227 (12.3)
1711 184 1791 222 295

126 306 286 356 θυμον.
348 300 386 342 εἰ
417 300 464 342 δέ
494 316 561 350 τις
593 299 636 342 ἕν
667 303 718 356 τί]
750 300 861 356 μάχῃ
898 304 1029 342 πέσοι.
1059 302 1145 343 τῶν
1178 302 1289 351 σιῦν,
1323 300 1374 342 σι’·
1406 316 1449 341 τε
1484 295 1559 341 οἰκ
1598 292 1649 341 liv
1688 295 1792 353 ἡμῖν

127 368 376 424 ἐπενέγκοις
408 367 554 410 αἰτίαν
585 369 658 410 καὶ
689 367 766 409 τὸν
800 367 905 410 θεὸν
928 367 978 409 ὃν
1006 366 1301 422 ὀμωμόκαμεν
1330 366 1677 420 παραιτούμεθα
1706 384 1790 423 μη-

127 436 199 479 δὲν
239 433 299 486 (ὗς
337 434 411 478 ἐπὶ
452 439 781 491 παραβαίνουσι
820 434 922 485 τοὺς
960 431 1114 488 ὅρκοι-ς
1154 436 1457 489 δι·σχερᾶναι.“
1517 435 1587 476 καὶ
1629 434 1670 476 οἱ
1710 434 1788 488 μὲν
1810 438 1859 476 15

126 506 265 546 ταῦτα
297 506 559 557 συνθέμενοι
593 501 781 558 ἐχώρουν
814 502 887 545 διὰ
919 505 995 544 τοῦ
1027 507 1195 555 τείχους
1225 501 1555 558 καθιμήσαντες
1597 500 1790 551 ἑαυτούς,

124 573 195 614 καὶ
229 571 529 620 διασωθέντες
561 569 675 624 πρὸς
704 570 806 620 τοὺς
839 570 1025 619 οἰκείους
1065 569 1290 625 ἐδήλωσαν
1321 564 1405 611 ὅσα
1436 568 1684 623 πράξαντες
1716 567 1792 610 ἐπὶ

125 642 202 696 τῆς
234 639 408 689 πόλεως
438 634 563 694 ἧκον·
591 634 756 695 Ἰησοῦς
788 638 834 680 δὲ
854 641 916 692 τῷ
945 633 1137 693 ἀρχιερεῖ
1155 633 1393 692 Ἐλεαζάρῳ
1418 637 1489 678 καὶ
1511 638 1564 691 τῇ
1585 639 1794 692 γερουσίᾳ

127 702 285 764 φράζει
315 705 370 748 τὰ
401 715 495 756 τοῖς
527 714 712 756 σκοποῖς
743 703 969 759 ὁμοθέντα
1001 703 1115 760 πρὸς
1144 703 1221 761 τὴν
1249 702 1454 760 Ῥαάβην·
1495 703 1535 745 οἱ
1569 699 1609 744 δ’
1637 701 1793 744 ἐπεκύ-

126 791 228 829 ρουν
257 773 334 817 τὸν
365 769 506 829 ὅρκον.

243 845 280 884 3.
330 841 546 890 Δεδιότος
585 841 630 882 δὲ
662 842 738 882 τοῦ
779 841 967 894 στρατοῦ
1006 839 1084 896 τῂν
1116 839 1344 894 διάβασιν,
1385 841 1519 893 μέγας
1549 836 1645 918 γὰρ
1676 827 1727 893 ἦν
1766 833 1862 881 016

130 907 334 963 ποταμὸς
363 911 426 964 τῷ
459 908 639 964 ῥεύματι
672 909 745 949 καὶ
778 904 878 949 οῖτε
907 907 1119 963 γεφύραις
1150 906 1386 997 πορεζυτός,
1429 923 1477 947 ov
1509 903 1590 960 γὰρ
1624 904 1666 948 ε’
1650 904 1793 955 ’ξευκτο

128 977 177 1020 τὸ
211 976 442 1033 πρότερον,
473 976 767 1030 βοιλοιιένους
796 991 844 1016 τε
873 977 1090 1031 γεφυροῦν
1121 991 1196 1027 ουχ
1228 973 1340 1024 ε’ξειν
1372 972 1530 1029 σχολὴν
1561 971 1685 1027 παρὰ
1707 988 1794 1014 των

129 1046 357 1099 πολεμίων
389 1041 704 1096 ὑπελάμβανον
744 1046 1008 1098 πορθμείων
1037 1058 1085 1084 τε
1123 1041 1180 1098 μὴ
1220 1040 1540 1097 τυγχανόντων,
1583 1038 1795 1094 διαβατὸν

131 1108 280 1162 αὐτοῖς
311 1108 332 1154 0‘
366 1109 477 1160 θεὸς
508 1109 824 1164 ἐπαγγέλλεται
855 1109 1060 1166 ποιήσειν
1090 1109 1168 1152 τὸν
1199 1107 1404 1163 ποταμὸν
1434 1107 1631 1161 μειώσας
1663 1103 1796 1149 αὐτοῦ

128 1178 189 1222 τὸ“
211 1180 403 1235 πλῆθος.
461 1179 534 1220 καὶ
567 1176 643 1218 δύο
677 1176 870 1230 ἐπισχών
907 1174 1073 1233 ἡμέρας
1098 1173 1262 1234 Ἰησοῦς
1295 1175 1516 1230 διεβίβαζε
1544 1174 1621 1218 τὸν
1661 1190 1794 1230 στρα-
1814 1179 1865 1218 17

127 1246 205 1290 τὸν
244 1248 314 1289 καὶ
355 1244 434 1302 τὴν
474 1243 655 1301 πληθὺν
695 1240 876 1287 ἅπασαν
914 1244 1104 1300 τοιοίτῳ
1141 1243 1319 1300 τρόπῳ’
1367 1240 1593 1300 προῄεσαν
1633 1243 1712 1296 μὲν
1754 1242 1797 1284 οἳ

130 1315 260 1370 ἱερεῖς
289 1312 367 1369 τὴν
397 1311 586 1367 κιβωτὸν
618 1313 807 1364 ἔχοντες,
848 1311 1005 1355 ἔπειτα
1037 1312 1078 1354 οἱ
1109 1317 1304 1354 Λευῖται
1333 1310 1411 1367 τήν
1442 1327 1489 1353 τε
1527 1309 1685 1367 σκηνὴν
1724 1311 1796 1352 καὶ

127 1380 183 1424 τὰ
215 1380 329 1436 πρὸς
358 1378 604 1437 ’ὑπηρεσίαν
625 1388 723 1429 ταῖς
744 1383 930 1430 θυσίαις
961 1379 1087 1436 σκεύη
1119 1378 1380 1433 κομίζοντες,
1415 1378 1595 1421 εἵποντο
1628 1377 1675 1420 δὲ
1704 1385 1799 1427 τοῖς

129 1452 348 1498 Λευίταις
378 1446 488 1490 κατὰ
521 1445 664 1504 φυλὰς
695 1444 717 1489 0‘
751 1449 842 1497 πᾶς
881 1442 1037 1501 ὅμιλος
1076 1449 1236 1500 μέσους
1276 1446 1383 1499 ἔχων
1415 1445 1582 1494 παῖδας
1619 1447 1693 1488 καὶ
1723 1461 1798 1500 γυ-

130 1525 302 1568 ναῖκας,
345 1513 502 1565 δεδιώς
532 1516 638 1569 περὶ
679 1510 821 1557 αὐτῶν
851 1513 908 1570 μὴ
945 1518 1180 1569 βιασθεῖεν
1219 1511 1306 1556 ὑπὸ
1338 1515 1416 1555 τοῦ
1448 1512 1674 1569 ῥεύματος.
1735 1509 1796 1562 (ὗς
1817 1514 1866 1555 18

130 1584 177 1626 δὲ
205 1592 300 1634 τοῖς
333 1583 497 1638 ἱερεῦσι
526 1581 725 1637 πρώτοις
756 1581 917 1636 ἐμβᾶσι
952 1580 1169 1637 πορευτὸς
1207 1580 1353 1631 ἔδοξεν
1390 1577 1412 1623 ὅ
1454 1579 1681 1634 ποταμός,
1721 1582 1799 1622 τοῦ

131 1653 211 1706 μὲν
240 1651 415 1707 βάθους
446 1649 755 1706 ἐπεσχημένου,
787 1651 864 1691 τοῦ
896 1649 942 1691 δὲ
973 1649 1184 1706 κάχληκος
1213 1651 1277 1704 τῷ
1308 1648 1365 1705 μὴ
1394 1647 1534 1690 πολὺν
1556 1645 1670 1690 εἶναι
1692 1642 1795 1702 μηδ’

132 1715 234 1769 ὀξὺν
273 1717 350 1761 τὸν
390 1718 492 1774 ῥοῦν
531 1712 649 1759 ὥσθ’
684 1714 930 1773 ὑποφέρειν
972 1712 1104 1758 αὐτὸν
1141 1719 1196 1772 τῇ
1240 1719 1320 1771 βίᾳ
1358 1711 1454 1758 ἀντ)
1482 1714 1674 1770 ἐδάφους
1712 1731 1801 1756 κει-

247 1831 268 1873 ξ
296 1833 334 1864 15
360 1846 403 1857 =
428 1829 536 1863 Iosua
560 1829 595 1862 II
624 1831 675 1863 19.

245 1941 711 1978 ROMSPLELatZonaras
735 1940 752 1974 I
776 1951 811 1985 p.
839 1942 892 1975 76.
942 1939 1124 1984 Sulpicius
1150 1939 1307 1974 Seuerus
1333 1940 1457 1974 chron.
1482 1939 1500 1973 I
1526 1940 1580 1982 22,
1606 1941 1637 1973 3.

250 2002 266 2034 1
293 1998 388 2044 πέση
412 1997 442 2032 L
522 2000 541 2031 2
565 1996 788 2043 ἐπενέγκαισ
814 1996 882 2030 ML
965 1995 1089 2031 αἰτίαν
1113 1993 1335 2040 ἐπενέγκαισ
1357 1997 1403 2029 tr.
1429 1994 1460 2028 L
1540 1996 1604 2029 καὶ
1628 1991 1709 2035 τὸν]
1736 1992 1804 2029 τόν

134 2068 176 2092 τε
200 2054 327 2090 MSPL
425 2056 447 2088 4
471 2051 804 2099 *καθειμήσαντεσ
828 2051 892 2086 RO
991 2054 1011 2085 6
1037 2051 1086 2093 δὲ]
1113 2051 1146 2086 Ε
1170 2064 1211 2087 τε
1237 2052 1340 2086 codd.
1366 2054 1484 2085 autem
1508 2050 1580 2085 Lat
1673 2054 1690 2084 7
1719 2062 1806 2085 σκο-

135 2114 234 2153 ποῖς]
259 2107 526 2157 κατασκόποισ
551 2110 605 2145 SP
705 2105 948 2153 *ὃμοσθὲντα
972 2107 1037 2142 Ro
1065 2103 1290 2152 δμαθέντα
1316 2107 1355 2141 Μ
1381 2103 1601 2151 ὀμοσθέντα
1626 2106 1712 2140 SPL

135 2164 241 2213 *τὴν,
266 2179 287 2202 ν
312 2166 387 2201 s.R
450 2160 624 2212 Ῥαάβην]
650 2162 824 2212 ῥαχάβην
848 2164 977 2200 MSPE
1054 2164 1093 2200 δὲ
1117 2164 1150 2198 Ε
1228 2160 1473 2210 *ἐπεκύρουν]
1499 2159 1658 2208 ἕκύρουν
1683 2161 1712 2196 Ο

137 2227 156 2259 9
182 2225 202 2266 ξ
229 2225 270 2257 16
295 2233 382 2257 usus
407 2225 463 2257 est
487 2222 668 2266 Sulpicius
686 2222 768 2257 Seu.
853 2223 1031 2264 στρατοῦ]
1057 2222 1272 2267 στρατηγοῦ
1288 2219 1501 2254 ROMLLat
1596 2221 1633 2252 11
1661 2213 1719 2259 τὸ]
1745 2229 1806 2253 πω

137 2279 265 2315 MSPL
360 2273 440 2324 οὐχ]
469 2273 537 2314 οὐκ
560 2278 663 2312 M¹P¹
689 2274 771 2322 οὐχ,
794 2290 818 2322 χ
842 2276 865 2310 i.
880 2287 951 2311 ras.
970 2288 1016 2310 m.
1038 2279 1057 2310 2
1083 2276 1107 2311 S
1203 2279 1243 2310 12
1268 2272 1512 2321 ὑπελάμβανε
1537 2274 1593 2308 Μ2
1685 2276 1806 2320 πορθ-

137 2337 310 2381 μείων-
326 2331 595 2380 τυγχανόντων
620 2343 688 2367 om.
715 2332 786 2367 Lat
915 2333 1150 2378 πορθμείων]
1177 2333 1384 2378 πορθμίων
1408 2331 1437 2366 O
1463 2332 1654 2377 πορθμῶν
1677 2329 1717 2364 Μ

139 2395 181 2428 13
208 2388 229 2428 ὃ
254 2387 349 2433 θεὸς
374 2401 441 2425 om.
467 2389 496 2424 O
521 2390 565 2431 (P)
666 2387 934 2434 ἐπαγγέλλεται
962 2384 981 2424 ὃ
1007 2385 1106 2424 θεὸσ
1130 2384 1165 2429 (ὁ
1191 2398 1284 2423 eras.
1310 2387 1362 2429 M)
1386 2390 1432 2422 tr.
1458 2386 1528 2421 ML
1623 2383 1805 2431 ποιήσειν]

139 2498 264 2530 ποιεῖν
280 2491 345 2527 Ro
417 2487 533 2527 αὐτοῦ
558 2487 603 2526 τὸ
630 2492 788 2536 πλῆθος]
814 2486 859 2525 τὸ
886 2492 1037 2536 πλῆθοσ
1062 2458 1180 2526 Ξῦτοῦ
1196 2492 1265 2526 τοῦ
1285 2486 1479 2535 ῥεύματοσ
1495 2487 1526 2522 L
1600 2490 1640 2521 14
1658 2489 1809 2533 πλῆθοσ

139 2549 163 2584 i.
188 2559 259 2584 ras.
285 2548 309 2583 S
411 2543 593 2593 *ἡμέρας]
617 2542 764 2592 ἡμέρασ
788 2548 858 2591 τῆσ
884 2541 975 2582 ὀδοῦ
999 2545 1053 2581 SP
1157 2540 1331 2591 *Ἰησοῦς1
1359 2543 1379 2581 ὁ
1405 2543 1538 2591 Ξησοῦσ
1562 2543 1594 2577 L
1697 2539 1808 2584 *τὸν]

140 2603 210 2642 τόν
233 2617 275 2641 τε
298 2604 369 2639 ML
501 2606 539 2638 15
565 2599 801 2648 *προῄεσαν]
826 2599 1046 2648 προσῄεσαν
1070 2601 1124 2637 SP
1149 2601 1361 2648 προσίεσαν
1386 2600 1415 2636 Ο
1554 2602 1593 2634 16
1618 2596 1809 2645 *ἔχοντες]

141 2660 330 2708 φέροντεσ
361 2659 414 2694 SP
445 2658 615 2694 habentes
649 2658 720 2693 Lat
857 2655 998 2699 ἔπειτα]
1031 2655 1160 2694 ἔπειτα
1190 2652 1276 2702 μετ’
1301 2652 1444 2693 αὕτοὺσ
1480 2655 1533 2691 SP
1570 2652 1650 2692 εἶτα
1686 2655 1718 2689 Ε

145 2719 185 2752 18
211 2709 360 2760 ὅμιλόσ,
388 2708 473 2759 ὅμιλ
497 2714 520 2749 i.
540 2714 658 2759 spatio
683 2724 801 2749 uacuo
828 2716 915 2747 2—3
940 2713 1009 2749 litt.
1024 2713 1181 2759 suppl.S
1209 2709 1229 2749 ὁ
1255 2709 1354 2748 λαὸσ
1374 2712 1406 2746 Ε
1499 2708 1635 2758 *ἔχων1
1661 2707 1812 2757 δ’ἔχων

142 2771 238 2808 ROL
324 2773 535 2818 *γυναῖκασ
557 2772 621 2806 καὶ
645 2772 786 2805 παῖδασ
801 2772 847 2804 tr.
861 2770 889 2804 P
981 2773 1019 2805 19
1045 2766 1183 2811 δεδιὼς]
1209 2765 1266 2804 ὠσ
1287 2764 1429 2809 ὁεδιώσ,
1455 2765 1514 2803 αἱσ
1536 2768 1560 2802 i.
1574 2779 1646 2803 ras.
1661 2778 1707 2802 m.
1728 2770 1748 2802 2
1771 2767 1811 2801 M

257 2830 298 2863 20
323 2825 532 2874 *πρώτοις]
551 2825 718 2872 πρώτωσ
734 2829 791 2868 (ex
807 2828 966 2872 πρῶτοσ
983 2836 1074 2860 corr.
1090 2824 1136 2865 R)
1154 2824 1219 2859 Ro
1291 2827 1330 2859 21
1357 2823 1625 2871 ἐπεσχημένου]
1650 2819 1811 2870 ἀπεσχη-

144 2884 260 2928 μένου
282 2883 316 2919 R
339 2879 604 2930 οἷπεσχομένου
629 2882 657 2918 Ο
682 2880 947 2928 ἐπεσχημένου,
974 2895 992 2918 ε
1016 2884 1113 2923 (ante
1138 2884 1173 2922 σ)
1198 2891 1243 2915 ex
1266 2895 1288 2927 η
1313 2891 1405 2916 corr.
1419 2891 1465 2915 m.
1482 2883 1501 2915 2
1520 2880 1563 2914 Μ·
1673 2882 1740 2929 τῷ]
1765 2876 1810 2915 τὸ

145 2939 243 2975 ROL
344 2941 387 2974 22
412 2935 512 2981 ἄντ’]
537 2938 599 2975 ἐπὶ
623 2941 703 2980 τοῦ,
726 2936 788 2974 ἐπὶ
811 2938 834 2973 i.
860 2949 932 2973 ras.
960 2940 1044 2972 1—2
1069 2937 1138 2972 litt.
1163 2947 1209 2971 m.
1237 2940 1256 2971 2
1280 2937 1320 2971 Μ
1344 2933 1393 2973 ἄν
1416 2939 1486 2973 τοῦ
1508 2936 1539 2972 L
