2170 3475
328 226 448 262 XXIV
1058 219 1254 256 Praefatio.

330 339 576 393 quibuscum
606 336 642 379 si
672 332 982 389 comparaueris
1013 345 1122 386 quae
1150 333 1355 388 Iosephus
1381 332 1472 388 ipse
1502 332 1640 388 dedit,
1671 346 1779 388 quae
1809 330 1981 387 quidem

329 408 449 463 plura
488 408 602 456 sunt,
634 402 842 445 Zonaram
872 400 1063 443 breuiato
1093 400 1273 455 Iosepho
1304 414 1425 444 usum
1455 413 1547 444 esse
1576 401 1808 455 intelleges.
1866 399 1981 442 idem

331 487 383 516 ex
415 473 497 515 alio
528 472 618 513 loco
648 472 845 523 apparet,
885 466 957 509 ubi
997 466 1051 509 de
1082 467 1312 520 originibus
1343 469 1472 524 Cypri
1501 469 1607 512 haec
1635 469 1823 511 Zonaras
1852 467 1984 510 habet

329 555 368 595 p.
392 543 542 590 31sq.:
583 538 770 588 Χέθιμα
811 533 856 576 δὲ
894 532 971 590 τὴν
1011 535 1141 589 νῆσον
1181 534 1416 590 συνῴκισεν
1456 532 1477 578 ὃ
1514 538 1684 589 Χεθίμ.
1743 531 1767 591 ἡ
1802 533 1984 589 Κύπρος

332 601 434 661 aisn,
469 603 560 646 ἐστὶ
590 598 700 658 παρ’
723 599 931 658 Ἑλλήνων
963 595 1075 644 οἵτω
1105 602 1321 658 κληθεῖσα
1353 601 1426 644 διὰ
1457 601 1534 659 τὴν
1566 597 1676 658 παρ’
1703 597 1853 651 αὐτοῖς
1873 599 1984 643 θεὸν

328 671 374 728 v}
386 690 404 713 ν
425 668 702 728 Ἀφροδίτην,
734 668 784 724 ἣν
806 668 980 725 Κύπριν
1000 668 1416 724 προσαγορεύουσιν.
1464 670 1648 725 epitoma
1678 683 1776 713 uero
1796 671 1817 713 I
1836 671 1862 722 ξ
1887 671 1984 711 128:

330 742 535 792 Χέθιμος
567 737 613 780 δὲ
637 740 825 791 Χέθιμα
854 735 932 792 τὴν
964 738 1093 792 νῆσον
1125 735 1232 789 ἔσχε,
1266 735 1446 791 Κύπρος
1477 736 1523 779 δὲ
1555 738 1627 779 νῦν
1650 731 1755 794 αἱῗτη
1787 737 1985 779 καλεῖται

329 808 414 848 τῶν
441 802 649 861 Ἑλλήνων
687 801 879 858 τοίῗνομα
917 803 1050 860 ταύτῃ
1080 806 1394 858 μεταθεμένων
1424 802 1537 859 πρὸς
1571 803 1620 847 τὸ
1653 806 1728 860 τῆς
1759 799 1870 859 παρ’
1907 798 1984 845 αὖ·

330 882 422 923 τοῖς
452 874 562 914 θεοῦ
593 871 874 928 νομιζομένης
906 870 1158 926 ἐπώνυμον·
1195 869 1271 927 τὴν
1301 869 1383 926 γὰρ
1413 866 1678 928 Ἀφροδίτην
1707 872 1780 914 καὶ
1811 869 1986 926 Κύπριν

329 942 523 983 καλοῖσι.
572 955 670 982 nam
701 954 727 982 a
758 939 936 995 Iosepho
966 940 1058 995 ipso
1090 939 1158 982 hic
1186 941 1303 983 locus
1335 939 1387 982 de
1408 939 1548 994 Cypro
1578 953 1605 981 a
1625 938 1807 994 Cypride
1837 943 1989 983 uocata

330 1010 452 1052 abest
482 1013 523 1051 et
553 1008 642 1050 sine
673 1007 800 1050 dubio
832 1008 886 1050 ab
919 1007 1195 1062 epitomatore
1223 1007 1335 1049 male
1356 1007 1518 1050 curioso
1539 1005 1729 1049 adiectus
1750 1010 1824 1050 est.
1873 1006 1987 1049 idem

332 1076 507 1119 efficitur
538 1076 598 1118 eis
629 1088 738 1128 quae
768 1074 882 1130 apud
909 1075 1117 1117 Zonaram
1148 1089 1247 1118 mox
1276 1073 1334 1129 (p.
1359 1073 1430 1127 32)
1462 1078 1711 1127 sequuntur:
1739 1069 1910 1127 Ἀμαθὶ
1941 1072 1988 1115 δὲ

328 1140 530 1200 ,Ἀμάθην
570 1142 711 1185 ἔκτισε
748 1140 901 1193 πόλιν,
946 1140 995 1197 ἢν
1035 1140 1293 1191 ,Μακεδόνες
1332 1136 1414 1197 ἀφ’
1441 1139 1536 1191 ἑνὸς
1575 1143 1662 1183 τῶν
1696 1141 1989 1194 Πτολεμαίων

332 1210 575 1268 ἐπιφανοῦς
614 1211 844 1265 λεγομένου
879 1203 1166 1265 Ἐπιφάνειαν
1205 1208 1543 1262 μετωνόμασαν,
1584 1222 1692 1263 quae
1730 1209 1773 1252 in
1805 1209 1990 1264 epitoma

331 1280 390 1322 Sic
421 1282 566 1322 extant
586 1279 624 1333 (I
650 1278 766 1332 138):
798 1273 999 1331 Ἄμαθος
1031 1276 1076 1319 δὲ
1103 1272 1385 1333 Άμαθηιοῦς
1405 1275 1655 1332 κατῴκισεν,
1690 1270 1783 1331 ἥτις
1805 1274 1896 1318 ἐστὶ
1917 1275 1990 1318 καὶ

333 1348 403 1388 νῦν
437 1343 521 1388 ὕπὸ
554 1345 632 1399 μὲν
662 1347 749 1387 τῶν
786 1343 1034 1399 ἐπιχωρίων
1063 1339 1241 1401 ,Ἀμάθη
1272 1345 1526 1401 καλουμένη,
1558 1343 1817 1393 ,ἾΙακεόόνες
1848 1338 1889 1386 δ’
1917 1337 1991 1385 αὗ-

332 1413 408 1470 τῂν
435 1409 722 1470 >Επιφάνειαν
755 1407 835 1469 ἀφ’
863 1410 958 1462 ἑνὸς
993 1413 1080 1454 τῶν
1120 1407 1352 1467 ἀπογόνων
1382 1413 1664 1465 Πτολεμαίου
1684 1410 1714 1466 ¹)
1744 1406 1990 1465 ὠνόμασαν.

331 1481 443 1536 apud
476 1481 696 1536 Iosephum
736 1481 875 1535 ipsum
905 1480 1243 1523 Ptolemaeorum
1283 1484 1356 1523 aut
1392 1480 1625 1523 Ptolemaei
1664 1479 1780 1522 nulla
1819 1478 1990 1533 mentio,

333 1554 373 1591 et
403 1554 579 1603 apparet
607 1548 904 1602 interpolatam
934 1560 1027 1590 eam
1050 1561 1154 1601 esse,
1186 1552 1232 1590 ut
1254 1542 1486 1602 ἀπογόνων
1517 1547 1687 1602 habeat,
1720 1560 1802 1601 quo
1834 1547 1991 1590 refera-

334 1621 410 1658 tur.
470 1616 545 1658 scd
576 1610 807 1669 ἆπογόνων
838 1614 1027 1658 codicum
1060 1614 1311 1658 deteriorum
1343 1619 1427 1669 est;
1465 1615 1684 1669 meliores,
1716 1627 1809 1656 cum
1840 1613 1992 1667 quibus

334 1683 613 1736 Hieronymus
646 1695 810 1735 quoque
840 1683 979 1725 facere
1009 1682 1186 1736 uidetur,
1218 1681 1435 1738 ἐπιγόνων
1464 1682 1676 1735 exhibent,
1708 1694 1790 1735 quo
1821 1680 1993 1735 quidem

335 1750 503 1804 Iosephi
542 1763 688 1792 manus
731 1754 771 1791 et
810 1749 1009 1792 facillime
1051 1756 1092 1793 et
1133 1751 1289 1805 optime
1320 1750 1562 1793 restituitur.
1623 1749 1993 1804 interpolationem

336 1818 460 1872 igitur
491 1817 776 1872 epitomatoris
807 1831 832 1858 a
863 1817 1029 1861 Zonara
1058 1818 1246 1873 paullum
1278 1822 1524 1861 exornatam
1557 1830 1649 1861 esse
1680 1817 1899 1860 cernimus.
1951 1819 1993 1859 et

337 1886 483 1928 eodem
523 1885 646 1927 modo
676 1899 750 1939 per
781 1899 924 1928 omnes
960 1884 1088 1928 libros
1119 1886 1305 1929 Zonaras
1337 1899 1431 1929 cum
1462 1885 1648 1941 epitoma
1685 1885 1745 1927 ita
1775 1883 1994 1938 consentit,

338 1957 380 1994 ut
418 1965 645 2004 numquam
677 1953 855 2007 Iosepho
887 1966 984 1995 usus
1016 1954 1068 1996 sit
1097 1953 1176 1996 nisi
1207 1967 1278 2008 eo,
1317 1953 1387 2008 qui
1420 1958 1483 1996 est
1512 1953 1554 1995 in
1586 1952 1782 2007 epitoma.
1842 1964 1921 1994 nec
1951 1950 1994 1994 in

336 2021 510 2074 singulis
542 2019 681 2062 uerbis
713 2033 909 2072 umquam
941 2020 994 2062 ab
1026 2035 1076 2063 ea
1108 2020 1285 2064 discedit
1314 2021 1395 2062 nisi
1434 2021 1476 2063 in
1506 2021 1633 2063 rebus
1664 2019 1890 2062 leuissimis
1921 2021 1995 2061 aut

337 2088 371 2130 si
404 2087 503 2140 quid
534 2092 605 2129 aut
636 2087 727 2141 ipsc
760 2101 810 2130 ex
842 2101 916 2129 suo
947 2088 1112 2142 ingenio
1143 2088 1403 2141 immutauit,
1444 2087 1555 2142 quod
1587 2080 1669 2130 non
1699 2101 1792 2130 raro
1824 2086 1890 2142 fit,
1921 2090 1995 2129 aut

337 2155 465 2197 Vetus
488 2155 802 2197 Testamentum
823 2160 1002 2208 secutus,
1035 2156 1148 2198 cuius
1180 2156 1298 2199 libris
1329 2161 1497 2211 praeter
1521 2156 1747 2211 Iosephum
1779 2167 1878 2197 usus
1909 2158 1993 2208 est;

337 2222 380 2264 id
421 2221 533 2274 quod
570 2236 690 2275 mort,
732 2235 824 2264 cum
865 2223 1090 2277 epitomam
1131 2223 1302 2267 edidero
1340 2224 1410 2277 qui
1441 2224 1620 2266 uoluerit
1651 2222 1782 2266 oculis
1811 2222 1904 2277 ipse
1934 2221 1993 2264 in-

337 2289 498 2345 spicere
529 2289 693 2344 poterit.
755 2294 797 2331 ut
829 2294 966 2331 tamen
999 2291 1122 2332 etiam
1154 2290 1380 2334 incredulis
1419 2291 1719 2347 persuadeam,
1759 2289 1908 2333 addidi
1939 2302 1994 2332 ex

337 2359 526 2400 Zonarae
557 2362 598 2400 et
629 2357 811 2411 epitoma
843 2357 949 2398 hunc
980 2357 1032 2399 dc
1063 2357 1262 2402 Gedeone
1294 2359 1450 2402 locum:

543 2470 729 2512 Zonaras
760 2470 777 2510 Ι
809 2483 847 2524 p.
872 2472 935 2510 57·
1253 2472 1434 2526 epitome
1465 2472 1560 2513 Ant.
1583 2471 1616 2512 V
1647 2472 1928 2523 §222—227.

336 2538 501 2579 τοί-των
543 2534 731 2586 ἀκούσας
778 2533 799 2577 ὁ
841 2535 1006 2578 Γεδεών
1049 2533 1146 2578 cire-
1189 2534 1440 2580 l'edfoh'ccd'
1469 2534 1714 2580 ἀκούσαντα
1731 2535 1779 2579 τὸ
1799 2533 1905 2592 ὄναρ
1924 2535 1995 2578 ἕλ-

341 2605 537 2661 θάρσιισε
568 2606 638 2646 καὶ
674 2601 959 2658 ὕποστρέψας
991 2603 1033 2645 ἐν
1055 2601 1260 2654 wig-lxm
1292 2602 1436 2661 ἀγαθὴ
1471 2608 1540 2648 καὶ
1574 2605 1747 2660 θάρσος
1771 2603 1900 2659 ἔλαβε
1920 2605 1991 2646 καὶ

337 2669 495 2722 ὅπλοις
527 2670 638 2714 εἶναι
669 2680 762 2721 τοῖς
800 2671 954 2713 ἑαυτοῦ
990 2665 1450 2725 ἐνετεὶ-,προσέταξεν
1491 2673 1534 2715 ἐν
1566 2682 1657 2723 τοῖς
1692 2668 1850 2722 ὅπλοις
1881 2668 1994 2714 εἶναι

339 2741 442 2782 λαιο
494 2742 561 2781 καὶ
610 2739 672 2789 εἰς
722 2749 836 2793 τρεῖς
885 2738 1281 2788 ἑκιιτ()στι’·ας’τοι“ς
1327 2740 1512 2789 οἰκείοις
1558 2740 1874 2797 διῃγῃσάμενος
1921 2740 1993 2781 καὶ

337 2807 413 2862 τὴν
435 2806 643 2861 στρατιὰν
666 2806 821 2849 διελών
846 2803 1049 2863 ἀμφορέα
1081 2822 1147 2848 κε·
1163 2797 1167 2854 1
1184 2806 1258 2861 τήν
1294 2809 1375 2848 τῶν
1408 2809 1632 2860 πολεμίων
1654 2805 1776 2863 ὄψιν.
1816 2805 1925 2849 κατὰ
1948 2806 1993 2849 δὲ

456 2979 483 3014 1)
509 2975 559 3009 sic
587 2976 700 3010 llcnn.
727 2976 762 3010 in
789 2986 916 3019 marg.;
942 2975 1034 3010 idcm
1061 2973 1227 3018 πολέμου
1252 2974 1287 3008 ἰη
1313 2977 1425 3017 textu.
1453 2974 1627 3017 πολι-’μων
1652 2975 1822 3010 Laurent.
