2170 3475
282 244 403 279 XLVI
1016 239 1212 274 Praefatio.

287 359 395 401 sumi
424 359 600 413 poterat.
651 359 692 396 et
722 367 748 396 a
777 352 900 396 docto
930 352 1104 395 librario
1129 352 1208 396 hos
1230 351 1397 395 codices
1419 351 1664 396 emendatos
1695 366 1788 397 esse
1821 354 1950 398 etiam

290 425 520 468 minoribus
550 421 674 464 rebus
704 419 905 475 proditur.
955 419 1228 474 resplendent
1256 419 1409 462 litteris
1440 418 1664 474 diligenter
1691 424 1733 464 et
1753 426 1950 464 accurate

291 492 424 548 pictis,
455 503 550 532 rara
579 492 676 531 sunt
704 487 810 529 uitia
839 486 1070 529 scribarum
1100 486 1353 529 incultorum
1384 490 1426 529 et
1455 487 1746 541 barbarorum,
1777 489 1950 544 spiritus

290 564 330 603 et
360 561 555 601 accentus
596 568 768 610 perraro
807 559 903 597 sunt
943 553 1099 597 omissa
1136 557 1209 596 aut
1247 567 1470 608 peruersa,
1507 553 1597 597 iota
1626 558 1787 598 mutum
1819 568 1950 611 saepe

288 625 508 669 ascribitur
527 623 571 677 ¹),
604 639 625 664 ν
657 620 962 679 {spelman-adv
992 621 1065 663 ubi
1095 620 1350 676 superfluum
1381 634 1474 664 esse
1504 621 1729 665 uidebatur
1761 623 1805 665 in
1837 627 1949 666 utro-

289 707 368 747 que
399 691 543 735 codice
574 689 734 733 eisdem
764 690 870 733 locis
901 689 1124 744 diligenter
1155 702 1320 732 erasum
1352 694 1436 743 est;
1482 690 1735 733 succurritur
1771 691 1950 745 legenti-

289 762 379 813 bus,
411 759 510 801 dum
542 757 711 812 saepius
741 758 937 801 scribitur
967 755 1123 799 ἑαυτοῦ
1153 756 1310 799 similia
1339 770 1421 800 non
1454 751 1588 799 αὐτοῦ
1618 762 1691 800 aut
1722 754 1870 810 αὑτοῦ,
1904 763 1951 801 ut

287 828 342 870 ab
374 839 513 870 errore
550 824 715 868 facilius
746 830 958 868 caueatur.
1016 825 1224 867 habemus
1254 824 1508 867 tersissimcs
1541 824 1732 880 codices,
1773 838 1951 879 quorum

287 895 449 937 libr-alii
479 892 648 948 Iosephi
686 893 818 935 uerba
856 893 946 936 sine
981 892 1145 935 mendis
1185 891 1311 934 facile
1350 892 1436 946 legi
1466 893 1680 936 uolebant.
1738 906 1816 936 nos
1846 905 1950 936 uero

287 976 359 1006 eos
389 962 521 1017 plulis
551 962 691 1003 facere
720 961 918 1015 solemus,
949 961 1021 1014 qui
1051 959 1208 1002 tradita
1237 964 1420 1014 seruant,
1452 959 1553 1004 licet
1583 960 1770 1003 omnium
1802 973 1948 1004 saecu-

285 1031 419 1074 lorum
451 1029 687 1071 barbariem
716 995 940 1071 induerint.

401 1096 549 1138 Eidem
580 1100 722 1139 tamen
753 1095 922 1139 codices
954 1096 1148 1148 quamuis
1179 1095 1244 1138 his
1273 1095 1453 1150 aliisque
1482 1095 1587 1138 locis
1618 1095 1720 1138 satis
1752 1095 1878 1139 docta
1909 1100 1953 1139 et

288 1165 510 1209 temeraria
541 1178 668 1207 manu
698 1163 871 1206 correcti
901 1176 984 1205 non
1014 1177 1109 1205 raro
1140 1164 1219 1206 soli
1246 1163 1416 1218 Iosephi
1451 1164 1581 1206 uerba
1610 1163 1776 1215 integra
1806 1176 1951 1206 serua-

287 1238 456 1286 uerunt;
494 1234 579 1275 iam
610 1246 739 1287 supra
778 1232 888 1275 enim
920 1231 1035 1273 locos
1065 1232 1210 1284 attuli,
1252 1231 1403 1285 quibus
1434 1243 1534 1273 casu
1573 1231 1714 1284 aliquo
1747 1245 1802 1273 ex
1832 1230 1953 1274 ROM

289 1307 331 1344 et
361 1302 510 1344 Latino
551 1301 674 1356 plura
705 1299 970 1352 exciderunt,
1011 1311 1119 1351 quae
1153 1298 1219 1340 SP
1258 1303 1370 1341 reete
1401 1299 1607 1353 supplent.
1668 1298 1780 1341 addo
1821 1299 1953 1341 alium

288 1371 425 1412 locum
466 1383 519 1412 ex
558 1367 733 1410 historia
772 1366 959 1419 Balami3
1005 1378 1103 1407 nam
1134 1365 1187 1407 lV
1221 1367 1298 1407 124
1322 1379 1385 1420 sq.
1425 1365 1493 1415 δὶς
1531 1365 1610 1419 μὲν
1650 1365 1861 1409 τεθυκότι
1899 1364 1950 1408 τὸ

288 1440 414 1480 θεῖον
447 1432 522 1478 ofin
554 1434 757 1477 ἐπένευσε
789 1433 867 1484 τὰς
897 1432 1007 1475 κατὰ
1040 1434 1126 1475 τῶν
1143 1428 1422 1490 Ἰσραηλιτῶν
1453 1428 1574 1487 ἀράς,
1608 1431 1769 1489 [θύσας
1801 1433 1848 1476 δὲ
1878 1434 1953 1476 καὶ

286 1509 434 1559 τρίτον
467 1500 610 1545 ἄλλων
642 1502 778 1545 πάλιν
810 1498 1153 1545 ἀνασταθέντων
1189 1501 1351 1554 βωμῶν
1393 1495 1493 1542 οὐδὲ
1522 1499 1624 1543 τότε
1653 1501 1732 1555 μὲν
1763 1501 1953 1557 κατηρά-

289 1587 396 1614 σατο
442 1580 535 1620 τοῖς
577 1568 893 1627 Ἰσραηλίταις]
940 1567 1090 1611 πεσών
1137 1563 1179 1609 δ’
1227 1566 1301 1610 ἐπὶ
1349 1567 1492 1622 στόμα
1538 1568 1667 1625 πάθη
1713 1568 1954 1624 προύλεγεν

292 1654 399 1694 quae
430 1641 546 1682 uncis
575 1640 726 1682 inclusi
757 1638 919 1681 addunt
946 1637 1111 1691 SPV2)‚
1144 1650 1238 1679 mea
1269 1636 1439 1689 quidem
1471 1638 1681 1680 sententia
1710 1637 1955 1680 necessaria

291 1714 332 1752 et
353 1709 406 1750 ab
429 1707 607 1763 Iosepho
636 1708 804 1762 scripta.
855 1720 938 1749 non
970 1706 1105 1748 minus
1134 1705 1362 1759 genuinum
1394 1709 1457 1748 est
1487 1706 1544 1748 IV
1576 1708 1656 1747 277
1691 1699 1952 1758 ἀποθανών,

291 1776 403 1830 quod
444 1775 508 1818 SP
550 1776 662 1827 (cum
701 1774 753 1827 L)
794 1774 1014 1828 exhibent,
1055 1773 1251 1816 omittunt
1288 1772 1539 1816 ROMELat.
1601 1787 1655 1816 ex
1696 1774 1757 1816 eis
1797 1778 1954 1828 tamen,

292 1857 401 1898 quae
446 1848 543 1886 aute
589 1843 698 1895 dixi,
745 1847 920 1896 apparet
965 1855 1046 1884 non
1091 1841 1232 1884 omnia
1276 1840 1353 1883 illa
1392 1840 1684 1884 additamenta
1728 1842 1822 1896 pari
1859 1841 1954 1885 loco

292 1911 489 1955 habenda
528 1924 640 1961 esse3
688 1924 784 1952 nam
823 1910 954 1951 multa
994 1909 1248 1953 addiderunt
1286 1909 1351 1951 SP
1390 1909 1544 1963 spuria.
1603 1909 1720 1952 uelut
1759 1910 1779 1950 Ι
1815 1910 1841 1961 ξ
1871 1911 1953 1951 258

291 1993 399 2033 quae
445 1979 569 2021 modo
618 1978 705 2020 dixi
751 1977 918 2019 adiecta
963 1991 1055 2020 esse
1099 1979 1142 2020 in
1188 1978 1254 2020 SP
1297 1980 1492 2031 poterant
1536 1976 1660 2019 facile
1712 1991 1739 2020 a
1778 1977 1953 2020 librario

291 2048 520 2103 praeterita
559 2058 673 2099 esse3
718 2045 988 2087 nihilominus
1027 2045 1197 2088 defendi
1227 2058 1309 2088 non
1339 2048 1526 2099 possunt.
1587 2045 1715 2100 igitur
1748 2058 1830 2088 non
1862 2045 1954 2088 sine

292 2115 447 2157 iudicio
487 2128 537 2157 ea
569 2113 701 2166 dona,
741 2126 850 2166 quae
882 2112 946 2155 SP
986 2114 1176 2167 mittunt,
1214 2111 1464 2166 accipienda
1502 2125 1595 2155 esse
1633 2117 1834 2168 apparet3
1877 2113 1955 2156 sed

295 2182 505 2224 interdum
538 2180 736 2223 iudicium
768 2181 892 2224 ualde
922 2182 1170 2236 impeditum
1200 2182 1488 2234 incertumque
1520 2193 1614 2223 esse
1634 2181 1854 2224 fatendum
1877 2184 1952 2223 est.

423 2250 512 2291 Iam
558 2262 657 2292 uero
702 2250 827 2292 ctiam
873 2249 1037 2292 codices
1077 2251 1156 2304 sP,
1202 2261 1458 2302 quamquam
1503 2248 1613 2290 inter
1659 2261 1705 2291 se
1748 2248 1955 2291 simillimi

292 2324 415 2369 sunt,
456 2317 664 2359 interdum
706 2322 844 2358 tamen
890 2318 930 2359 in
962 2317 1151 2360 diuersas
1180 2322 1323 2372 partes
1353 2316 1470 2358 abire
1501 2316 1709 2359 uidemus,
1767 2317 1884 2359 uelut
1913 2316 1955 2358 11

292 2387 372 2425 293
405 2385 520 2427 solus
551 2385 584 2426 P
618 2384 745 2426 habet
775 2383 886 2427 τότε.
921 2385 949 2427 S
981 2399 1074 2427 cum
1105 2386 1200 2428 aliis
1228 2399 1341 2438 τισι,
1374 2384 1482 2425 Χ94
1515 2384 1559 2426 in
1591 2384 1620 2426 S
1652 2389 1716 2427 est
1747 2385 1953 2440 ποιῆσαι,

292 2452 333 2492 in
365 2452 396 2493 P
427 2454 654 2506 γενέσθαι.
684 2466 734 2495 ae
764 2452 817 2494 de
848 2452 994 2494 harum
1027 2453 1402 2507 discrepantiarum
1434 2453 1593 2507 origine
1625 2451 1827 2496 docemur
1857 2452 1955 2495 aliis

291 2520 406 2573 locis,
439 2533 544 2572 quos
566 2533 674 2562 nunc
695 2520 905 2572 adferam3
936 2533 1031 2561 nam
1054 2521 1071 2561 Ι
1100 2525 1145 2561 1ss
1169 2520 1284 2562 ROM
1309 2521 1466 2563 habent
1487 2519 1774 2573 πλασμάτων,
1806 2519 1954 2576 paullo

289 2589 412 2630 aliter
441 2589 474 2630 P
506 2586 790 2642 πραγμάτων,
822 2589 863 2629 in
885 2590 914 2629 ὅ
938 2593 1000 2629 est
1031 2588 1299 2642 ,maylan-mr
1332 2587 1654 2640 πλασμάτιυν.3)
1712 2589 1732 2630 Ι
1763 2590 1843 2629 ‘253
1876 2585 1954 2629 τὸν

290 2654 430 2710 γάμον
470 2655 692 2697 [πολιτεύει
733 2657 887 2697 τοῦτον
928 2668 1019 2697 cum
1051 2656 1145 2698 aliis
1176 2656 1294 2698 libris
1326 2655 1355 2696 S
1387 2656 1536 2710 habet,
1575 2655 1641 2698 cui
1679 2656 1721 2698 in
1761 2655 1955 2710 margine

291 2723 550 2778 adscriptum
584 2729 646 2767 cst
679 2722 815 2776 ‹dre-i,-
845 2728 1065 2775 utrumque
1088 2723 1120 2764 P
1153 2723 1308 2777 reecpit
1339 2722 1454 2765 αἰτεῖ
1485 2723 1724 2766 πολιτεύει.
1781 2724 1841 2767 111
1877 2725 1954 2765 186

412 2851 440 2887 1)
465 2847 608 2891 sar-pius
634 2846 669 2881 in
696 2847 722 2880 Ρ
748 2846 881 2881 adiecit
905 2856 996 2880 man.
1024 2849 1054 2879 2.

410 2907 441 2942 2)
467 2907 503 2939 et
527 2904 648 2947 paullo
675 2903 780 2938 aliter
806 2904 845 2937 L.

898 2975 918 2992 1)

406 3009 438 3048 ’5)
463 3005 492 3039 L
518 3005 625 3040 habet
652 2984 970 3050 7111ncs¹m²runlnt¹s<a
974 3001 1128 3040 ,ιιάτωικ
