2170 3475
364 243 518 281 XXXVI
1091 238 1289 274 Praefatio.

367 358 508 401 multis
537 355 758 411 proferam,
790 352 962 408 reginae
991 352 1422 407 Hierosolymitarum
1450 350 1619 394 Achabi
1647 351 1761 396 filiae
1780 353 1824 396 in
1845 353 1919 398 RO
1940 368 2028 398 om-

366 426 489 468 nibus
519 423 702 477 (praeter
731 420 875 474 unum)
905 419 1009 463 locis
1038 433 1191 463 nomen
1235 422 1299 462 est
1324 413 1507 470 Ὀθλία,
1553 419 1597 461 in
1633 420 1784 464 ceteris
1823 422 2029 465 Γοθολία

367 491 479 545 quod
517 487 630 544 apud
660 487 784 530 LXX
822 488 1071 542 interpretes
1112 492 1188 530 est.
1247 486 1445 541 regisque
1474 487 1670 530 Dauidae
1708 487 1841 541 filius,
1881 489 2028 544 quiin

366 558 486 601 libris
515 555 706 611 plurimis
737 559 779 598 et
807 555 851 597 in
873 555 1065 598 uersione
1086 554 1239 597 Latina
1263 549 1578 607 Ἀβεσάλωμος
1599 558 1673 597 aut
1696 549 2030 611 Ἀβεσσάλωμος

366 624 577 678 scribitur,
617 628 663 665 ut
700 622 744 664 in
779 627 923 666 uetere
953 626 1205 666 testamento
1236 621 1494 664 Graecorum
1532 625 1670 676 extat,
1709 622 1753 664 in
1790 622 1865 666 ΒΟ
1905 625 2030 668 aliter

360 687 630 745 Ἀψάλωμος
660 690 791 733 audit.
845 704 944 733 nam
973 691 1017 733 in
1046 689 1113 732 his
1144 694 1185 733 et
1214 689 1310 732 aliis
1340 702 1417 744 per
1454 702 1500 732 se
1536 689 1628 732 ueri
1661 689 1800 733 simile
1830 704 1924 735 esse
1953 704 2028 748 ap-

364 763 496 814 paret,
530 770 580 800 ea
601 757 784 813 nomina,
816 771 926 812 quae
957 772 983 801 a
1006 758 1164 801 ueteris
1185 756 1428 801 testamenti
1447 756 1696 799 auctoritate
1725 757 1786 800 ita
1814 758 2030 814 recedunt,

365 832 410 868 ut
445 839 527 868 non
565 838 591 867 a
629 826 811 869 librariis
850 830 1048 880 corrupta
1082 825 1159 868 sed
1199 839 1252 868 ex
1289 824 1441 867 litteris
1480 824 1690 867 hebraicis
1733 825 1821 868 alia
1863 826 2028 870 ratione

365 893 617 949 transcripta
646 893 885 947 uideantur,
915 908 942 937 a
970 893 1152 949 Iosepho
1182 893 1339 947 scripta
1370 904 1477 946 esse,
1507 892 1700 946 uulgaria
1728 905 1756 935 a
1785 893 2027 937 correctori·

367 962 443 1004 bus
473 961 655 1004 inducta.
702 962 816 1015 quod
853 962 1039 1017 ipsorum
1079 961 1271 1004 codicum
1302 959 1549 1002 condicione
1578 958 1867 1015 confirmatur3
1912 961 2032 1004 uelut

365 1044 440 1085 per
468 1030 598 1072 libros
629 1029 787 1072 VI—X
817 1029 860 1071 in
891 1029 966 1072 RO
1003 1043 1087 1072 non
1127 1042 1220 1072 raro
1260 1031 1378 1071 extat
1407 1040 1559 1069 nomen
1590 1029 1630 1067 Γ
1629 1024 1784 1081 ιβρών,
1827 1027 1943 1081 quod
1985 1029 2030 1071 in

367 1099 515 1140 ceteris
546 1097 762 1140 codicibus
792 1097 835 1140 in
866 1096 1053 1151 Χεβρών
1083 1101 1290 1139 mutatum
1321 1098 1405 1147 est,
1437 1094 1566 1137 etiam
1597 1094 1658 1136 eis
1686 1095 1812 1149 loeis,
1842 1096 1915 1138 ubi
1943 1110 2029 1140 non

365 1167 537 1209 Hebron
568 1164 732 1220 dicitur,
762 1165 840 1208 sed
871 1165 1049 1218 Gibeon,
1079 1166 1197 1208 uelut
1227 1164 1326 1207 VIII
1348 1166 1414 1216 22,
1451 1175 1533 1215 quo
1563 1161 1720 1204 indicio
1752 1167 2030 1207 correctorem

367 1238 479 1276 certe
510 1233 878 1287 deprehendimus.
938 1232 1149 1275 interdum
1179 1237 1322 1275 tamen
1351 1232 1394 1273 M
1432 1229 1620 1273 seruauit
1651 1231 1825 1285 Γιβρων
1857 1230 1922 1284 (ut
1950 1231 2031 1274 VII

368 1305 432 1343 34.
456 1301 539 1355 36),
570 1301 706 1343 rarius
727 1302 757 1343 S
790 1300 854 1354 (ut
875 1299 955 1342 VH
976 1300 1062 1354 60),
1093 1312 1324 1352 numquam
1344 1299 1397 1353 Ρ,
1431 1297 1583 1351 quibus
1613 1296 1910 1352 discrepantiis
1940 1312 2029 1342 cor·

365 1374 557 1413 recturae
587 1369 869 1423 suspicionem
900 1368 1084 1410 maxime
1116 1366 1262 1421 augeri
1293 1370 1482 1421 apparet.

479 1437 645 1481 Deinde
666 1436 808 1480 multis
838 1436 942 1478 locis
972 1436 1085 1478 solos
1107 1434 1181 1478 ΒΟ
1213 1447 1359 1476 uerum
1390 1445 1583 1475 seruasse
1612 1432 1819 1488 uidemus,
1853 1446 2032 1487 quorum

366 1520 502 1562 pauca
532 1507 723 1549 adferam
753 1503 961 1547 eiusmodi
991 1503 1208 1558 exempla,
1250 1506 1295 1543 ut
1325 1514 1493 1543 omnem
1524 1499 1834 1544 dubitationem
1863 1502 2029 1546 tollant.

367 1576 480 1617 1173
513 1574 742 1629 γενέθλιον
771 1569 969 1621 τεθυκὼς
1001 1570 1087 1624 RO,
1117 1567 1333 1618 τεθεικώς
1362 1569 1509 1619 MExc,
1540 1565 1774 1618 τετελεκώς
1803 1568 1932 1623 SPL,·
1961 1583 2031 1614 eo-

369 1641 465 1684 dem
495 1642 603 1684 libro
635 1642 659 1692 ξ
686 1644 757 1681 121
794 1641 915 1682 abest
936 1653 962 1682 a
983 1639 1055 1682 ΒΟ
1089 1638 1223 1688 λύσας
1253 1653 1301 1679 τε
1331 1635 1407 1679 τὸν
1433 1636 1644 1688 Συμεῶνα
1676 1633 1875 1691 ἐτημέλει
1905 1649 2031 1678 συνε-

370 1708 555 1762 σόμενον
586 1717 678 1758 τοῖς
711 1703 932 1764 ἀδελφοῖς,
966 1720 1075 1761 quae
1095 1707 1185 1749 sine
1206 1705 1335 1748 dubio
1366 1704 1622 1758 interpolata
1641 1707 1749 1746 sunt.
1770 1703 1915 1758 paullo
1935 1708 2033 1759 post

368 1778 393 1828 ξ
416 1780 489 1818 122
522 1773 543 1818 ὁ
569 1776 615 1818 ὁὲ
635 1774 798 1829 μαθών
818 1774 1032 1829 περιόντα
1062 1775 1134 1816 καὶ
1166 1775 1270 1830 περὶ
1287 1774 1363 1815 τοῦ
1381 1772 1595 1825 Βενιαμὶν
1617 1769 1656 1812 εἰ
1680 1766 1808 1820 οὗτος
1828 1767 1851 1813 o‘
1875 1770 2032 1814 νεώτε-

371 1860 446 1899 ρος
478 1840 671 1900 ἇὸελφὸς
703 1838 844 1885 αἰτῶν
877 1842 941 1899 εἰἰ]
974 1866 1026 1872 -
1061 1837 1256 1898 ἀνέκρινε
1287 1841 1360 1885 RO
1392 1844 1527 1893 recte;
1559 1853 1657 1881 nam
1688 1843 1921 1882 ceterorum
1951 1855 2033 1882 πε-

370 1912 518 1967 ριόντα
540 1911 615 1954 τὸν
638 1913 849 1965 Βενιαμὶν
869 1912 1014 1966 inepta
1034 1917 1150 1966 sunt;
1180 1923 1317 1964 neque
1342 1909 1453 1952 enim
1475 1907 1709 1961 Beniamin,
1737 1907 1810 1960 qui
1828 1920 2031 1962 praesens

369 1982 531 2035 aderat,
562 1981 638 2023 sed
668 1984 829 2035 patrem
860 1980 1126 2034 superstitem
1158 1992 1251 2022 esse
1283 1976 1488 2032 Iosephus
1518 1975 1753 2018 audiuerat.
1807 1988 1932 2030 porro
1967 1976 2032 2018 III

371 2051 463 2101 §ol
493 2047 590 2090 ἐπεὶ
624 2047 667 2089 dle
710 2046 785 2103 τὴν
821 2049 907 2088 τῶν
947 2045 1176 2089 ἐπινικίων
1216 2044 1370 2102 ἑορτὴν
1402 2041 1583 2101 ἤγαγον,
1631 2039 1653 2085 ὃ
1687 2044 1888 2098 ,Μωυσῆς
1924 2037 2032 2085 ἂνα-

371 2116 547 2164 παι’σας
577 2140 630 2145 -
664 2117 827 2170 προῆγε
859 2114 931 2157 RO
963 2116 1166 2158 exhibent
1195 2115 1328 2158 multo
1370 2112 1570 2165 meliora,
1610 2124 1737 2163 quam
1773 2111 2031 2164 reliquorum

371 2182 523 2239 ἑορτὴν
550 2179 571 2225 ὁ
596 2185 796 2238 ῙΙΙιιησῆς
828 2179 980 2239 ἤγαγεν
1012 2179 1288 2234 ἀναπαύσας,
1321 2189 1538 2236 tamquam
1569 2179 1684 2222 Solus
1704 2179 1875 2233 Moyses
1904 2178 2032 2221 ferias

372 2251 517 2304 egerit.
548 2256 660 2293 recte
691 2251 748 2292 IV
771 2253 850 2291 242
882 2250 1061 2292 πάντων
1091 2250 1171 2301 τὰς
1202 2249 1387 2299 δεκάτας
1420 2243 1512 2302 ἅμα
1531 2255 1630 2297 ταῖς
1653 2245 1715 2296 εἰς
1734 2244 1837 2296 τοὺς
1858 2246 2032 2296 λευίτας

370 2320 440 2361 καὶ
472 2317 552 2367 τὰς
583 2316 766 2371 εὐωχίας
811 2324 873 2360 est
914 2319 954 2359 in
986 2319 1080 2374 RO,
1127 2319 1241 2372 quod
1280 2318 1433 2371 reliqui
1471 2315 1635 2358 addunt
1670 2322 1770 2364 ταῖς
1810 2309 2032 2368 ἀπαρχαῖς

371 2388 668 2442 interpolatum
715 2390 788 2429 est.
855 2387 1011 2440 optimc
1050 2388 1128 2430 VII
1164 2390 1241 2428 125
1280 2386 1325 2427 in
1364 2383 1458 2427 RO:
1503 2382 1614 2437 μετὰ
1654 2384 1916 2437 προθυμίας
1954 2375 2031 2424 ἆν-

373 2455 527 2506 ὸρασιν
560 2453 764 2510 αἰσχύνην
795 2456 1086 2509 ([οβοιχιιείὀις
1117 2454 1377 2511 πρεπούσης
1409 2448 1747 2507 ἀγωνίσασθαι;
1778 2449 1929 2504 reliqui
1958 2461 2031 2491 ex-

374 2524 519 2566 hibent
562 2520 673 2576 μετὰ
721 2523 979 2575 repom-mag
1026 2516 1202 2564 ἅπαντα
1259 2521 1438 2577 δράσειν
1486 2518 1691 2575 αἰσχύνην
1736 2518 2032 2574 φοβουμένοις

373 2589 706 2646 ιἰροῖρεπούσης
722 2588 1054 2644 (ιίροπεσοί-σῃς
1067 2590 1126 2641 Μ)
1149 2586 1462 2644 ἀγωνίσασθαι
1487 2592 1682 2642 corrupta
1702 2590 1744 2629 et
1764 2585 2030 2640 interpolata.

372 2673 454 2701 non
484 2660 620 2701 minus
659 2671 760 2701 uera
794 2661 889 2698 sunt
920 2670 1029 2710 quae
1060 2657 1121 2698 IX
1155 2663 1179 2709 ς’
1211 2662 1291 2698 25¹.)
1324 2663 1469 2700 contra
1499 2667 1644 2698 omnes
1683 2653 1869 2707 reliquos
1900 2657 2031 2694 testes

372 2725 445 2768 RO
483 2726 657 2768 habent:
704 2726 775 2767 καὶ
816 2723 1034 2778 κρατήσας
1066 2721 1218 2775 αἰτοῦ,
1265 2723 1341 2767 τὸν
1371 2723 1452 2780 γὰρ
1485 2721 1594 2764 θεὸν
1627 2716 1702 2763 οὒκ
1741 2717 1853 2774 εἶχεν
1873 2714 2031 2774 Ὠσῆος

374 2787 541 2848 εὗμενῇ,
573 2794 642 2834 καὶ
677 2793 901 2846 σύμμαχον
934 2790 1177 2846 ἐποιήσατο
1208 2794 1280 2833 καὶ,
1313 2792 1480 2848 φόροι-ς
1512 2790 1735 2840 ἐπέταξεν.
1797 2788 1926 2832 ceteri
1956 2788 2027 2830 ha·

375 2861 494 2903 bont:
525 2859 600 2901 ’τὸν
630 2860 711 2915 γὰρ
744 2859 853 2902 θεὸν
885 2856 960 2901 οὐκ
991 2856 1100 2911 εἶχεν
1135 2860 1240 2909 ἴσως
1272 2856 1427 2915 εὐμενῆ
1459 2860 1530 2901 καὶ
1565 2857 1804 2912 σύμμαχον,
1834 2853 2030 2910 ὑπήκοον

374 2925 630 2983 ἐποιήσατο,
662 2942 769 2982 quac
800 2943 825 2970 a
847 2933 1079 2971 correctore
1111 2927 1254 2969 refieta
1284 2932 1391 2969 suut.
1441 2933 1587 2982 aperte
1606 2928 1802 2980 corrupta
1831 2929 1873 2966 et
1902 2924 2031 2966 inter-

373 2995 518 3051 polata
535 2994 689 3038 habent
705 2997 933 3039 MSPELat
949 2995 1011 3038 lX
1032 2998 1082 3036 §2
1102 2997 1159 3049 (p.
1177 2997 1270 3048 255,
1295 2994 1373 3047 10).
1405 2995 1588 3047 denique
1604 2992 1819 3048 egregium
1837 2990 2031 3045 estquod
