2091 3418
44 936 80 970 10

42 1274 79 1306 15

44 1612 82 1644 20

621 203 784 248 ANTIQ.
811 202 907 239 IUD.
934 203 949 238 1
975 206 1108 239 38—44
1133 205 1157 246 (ι
1173 208 1201 235 3,
1219 207 1248 246 ι)
1717 203 1764 238 11

108 319 183 363 τόν
217 335 263 361 τε
296 314 502 372 ’Ἄδαμον
541 320 613 360 καὶ
649 316 727 373 τὴν
766 326 946 372 γυναῖκα
984 318 1185 359 κελεῦσαι
1225 318 1312 358 τῶν
1352 317 1500 373 φυτῶν
1543 314 1769 368 ἐπιμελεῖ-

109 390 234 431 σθαι.
280 382 461 440 ἄρδεται
483 380 526 426 δ’
550 381 678 434 οὗτος
698 382 720 427 0‘
744 387 884 441 κῆπος
919 382 1003 426 ὑπὸ
1028 384 1124 434 ἑνὸς
1146 385 1349 438 ποταμοῦ
1382 386 1532 426 πᾶσαν
1564 382 1608 425 ἐν
1629 378 1767 437 κύκλῳ

108 453 184 510 τὴν
213 455 292 509 γῆν
323 455 645 509 περιρρέοντος,
677 452 726 502 ὃς
757 452 820 502 εἰς
850 456 1044 506 τέσσαρα
1080 455 1187 510 μέρη
1222 452 1425 505 σχίζεται.
1486 452 1558 494 καὶ
1593 448 1769 493 Φεισὼν

106 523 198 577 μέν,
231 524 434 578 σημαίνει
465 520 512 562 δὲ
543 519 722 577 πληθύν
745 517 950 574 τοῦνομα,
985 520 1056 563 ἐπὶ
1081 520 1158 575 τῆν
1178 516 1355 576 Ἰνδικὴν
1379 519 1621 576 φερόμενος
1653 517 1769 560 ἐκδί-

107 588 242 632 δωσιν
273 588 335 638 εἷς
374 587 423 630 τὸ
457 589 650 644 πέλαγος
692 584 767 645 ὑφ’
789 586 1002 645 Ἑλλήνων
1038 587 1204 644 Γάγγης
1244 587 1492 643 λεγόμενος,
1534 582 1768 643 Εὐφράτης
1783 588 1835 627 39

109 657 155 700 δὲ
184 658 256 700 καὶ
292 659 442 711 Τίγρις
472 655 544 698 ἐπὶ
580 654 658 711 την
683 651 900 711 Ἐρυθρὰν
939 652 1102 699 ἀπίασι
1133 655 1393 697 θάλασσαν·
1439 655 1635 696 καλεῖται
1668 653 1713 696 δὲ·
1745 649 1766 694 o‘

107 724 186 779 μὲν
217 720 451 781 Εὐφράτης
475 723 637 779 Φοράς,
671 728 874 781 σημαίνει
907 724 949 766 δὲ
984 721 1082 780 ἤτοι
1113 721 1359 776 σκεδασμὸν
1380 715 1407 777 ἢ
1431 719 1582 772 ἄνθος,
1621 724 1770 776 Τίγρις

109 792 155 835 δὲ
184 791 379 848 Διγλάθ,
413 790 459 842 ἐξ
489 787 537 834 οὗ
571 791 783 848 φράζεται
814 791 862 834 τὸ
896 791 1006 845 μετὰ
1041 790 1299 847 στενότητος
1330 785 1425 840 ὀξύ·
1459 788 1584 846 Γηων
1616 788 1662 830 δὲ
1695 787 1768 830 διὰ

107 862 184 917 τῆς
203 859 441 915 Αἰγύπτου
464 860 573 915 ῥέων
606 859 731 915 δηλοῖ
760 858 835 902 τόν
867 854 958 901 ἀπὸ
981 861 1058 915 τῆς
1089 857 1289 907 ἐναντίας
1311 852 1628 912 ἀναδιδόμενον
1650 853 1768 912 ἡμῖν,

110 927 159 971 ὃν
191 926 241 984 δὴ
277 928 436 970 Νεῖλον
456 922 659 983 (Έλληνες
690 926 1105 982 προσαγορεύουσιν.

223 1000 261 1038 4.
303 992 350 1038 Ὁ
382 993 432 1050 δὴ
473 999 618 1037 τοίνυν
650 994 759 1045 θεὸς
799 993 875 1037 τὸν
898 991 1096 1048 ’Ἀδαμον
1135 995 1208 1036 καὶ
1245 992 1323 1050 τὴν
1363 1002 1543 1049 γυναῖκα
1572 993 1660 1034 τῶν
1690 990 1768 1045 μὲν
1785 995 1838 1033 40

110 1060 254 1106 ἄλλων
286 1065 435 1120 φυτιῦν
467 1061 633 1105 ἐκέλευε
664 1062 888 1118 γεύεσθαι,
921 1064 998 1105 τοῦ
1031 1062 1077 1104 δὲ
1107 1064 1184 1118 τῆς
1215 1060 1470 1118 φρονήσεως
1503 1055 1768 1113 ἀπέχεσθαι,

110 1129 340 1186 προειπών
373 1127 621 1185 ἁψαμένοις
644 1125 722 1172 ἀπ’
747 1125 880 1172 αὐτοῦ
911 1126 1101 1184 ὄλεθρον
1129 1129 1431 1186 γενησόμενον.
1482 1125 1770 1185 ὁμοφωνούν-
1787 1130 1835 1169 41

109 1215 197 1241 των
229 1198 275 1240 δὲ
306 1193 401 1239 κατ’
424 1196 559 1240 ἐκεῖνο
581 1199 735 1253 καιροῦ
763 1199 850 1240 τιῦν
878 1197 999 1253 ζιιόων
1033 1196 1243 1240 ἁπάντων
1275 1194 1379 1254 ὄφις
1405 1194 1774 1248 συνδιαιτώμενος

110 1268 171 1321 τῷ
202 1282 249 1308 τε
274 1260 456 1321 Ἀδάμῳ
486 1267 558 1307 καὶ
590 1267 644 1321 τῇ
673 1267 842 1320 γυναικὶ
875 1267 1111 1321 φθονεραῖς
1145 1265 1223 1319 μὲν
1256 1262 1366 1317 εἶχεν
1398 1259 1472 1321 ἐφ’
1509 1262 1575 1313 οἷς
1617 1259 1774 1312 αὐτοὺς

112 1329 444 1389 εὔδαιμονήσειν
483 1329 592 1388 ᾤετο
632 1335 955 1386 πεπεισμένοι-ς
998 1341 1093 1382 τοῖς
1130 1334 1208 1375 τοῦ
1246 1334 1358 1374 θεοῦ
1398 1331 1772 1387 παραγγέλμασιν,

112 1400 312 1454 οἰόμενος
343 1400 389 1443 δὲ
421 1402 628 1458 συμφορᾷ
658 1403 1011 1455 περιπεσεῖσθαι
1034 1399 1401 1455 παρακούσαντας
1423 1395 1665 1442 ἀναπείθει
1695 1415 1772 1440 κα-
1788 1399 1840 1439 42

110 1464 288 1525 κοηθως
316 1466 393 1524 τὴν
423 1477 604 1523 γυναῖκα
634 1467 885 1524 γεύσασθαι
915 1470 994 1510 τοῦ
1026 1470 1165 1524 φυτοῦ
1186 1470 1262 1523 τῆς
1293 1466 1548 1524 φρονήσεως
1580 1465 1623 1508 ἐν
1656 1461 1773 1521 αύτῷ

113 1537 247 1591 λέγων
280 1532 392 1578 εἶναι
420 1536 497 1592 τήν
528 1552 572 1578 τε
604 1531 811 1591 τάγαθοῦ
840 1536 912 1578 καὶ
934 1537 1013 1577 τοῦ
1032 1537 1164 1577 κακοῦ
1186 1535 1437 1591 διάγνωσιν,
1470 1529 1520 1591 ἧς
1540 1535 1773 1590 γενομένης

112 1599 260 1652 αὐτοῖς
299 1602 513 1658 μακάριον
552 1605 625 1646 καὶ
664 1602 798 1659 μηδὲν
839 1598 1147 1646 ἀπολείποντα
1186 1605 1264 1645 τοῦ
1304 1606 1434 1644 θείου
1467 1600 1632 1651 διάξειν
1660 1604 1773 1655 βίον.

111 1672 183 1713 καὶ
214 1670 542 1726 παρακρούεται
572 1670 651 1724 μὲν
685 1665 798 1713 οὕτω
827 1669 906 1726 τὴν
926 1679 1108 1726 γυναῖκα
1138 1672 1215 1727 τῆς
1237 1668 1414 1726 ἐντολῆς
1443 1670 1520 1711 τοῦ
1551 1670 1662 1710 θεοῦ
1693 1685 1771 1710 κα·
1789 1670 1841 1710 43

111 1740 413 1795 ταφρονησαι·
444 1740 684 1794 γευσαμένη
709 1737 755 1780 δὲ
774 1740 852 1780 τοῦ
875 1740 1015 1794 φυτοῦ
1045 1739 1118 1780 καὶ
1145 1734 1340 1794 ἡσθεῖσα
1369 1738 1434 1792 τῷ
1464 1735 1672 1790 ἐδέσματι
1700 1737 1774 1778 καὶ

111 1804 187 1848 τὸν
209 1802 406 1859 ’Ἀδαμον
438 1800 670 1848 ἀνέπεισεν
710 1800 828 1861 αύτῷ
864 1804 1136 1860 χρήσασθαι.
1195 1806 1268 1847 καὶ
1300 1803 1506 1847 συνίεσάν
1544 1820 1592 1846 τε
1633 1800 1775 1846 αὗτιῦν
1792 1806 1847 1844 44

111 1869 192 1930 ἤδη
223 1875 562 1928 γεγυμνωμένων
593 1874 667 1916 καὶ
696 1871 774 1929 τὴν
807 1872 1012 1930 αἰσχύνην
1042 1867 1271 1927 ὕπαιθρον
1302 1871 1471 1925 ἔχοντες
1503 1874 1666 1929 σκέπην
1699 1867 1778 1914 αὖ·

110 1948 205 1990 τοῖς
235 1938 462 1982 ἐπενόουν·
493 1938 542 1982 τὸ
575 1939 657 1996 γὰρ
693 1939 831 1995 φυτὸν
863 1936 1070 1997 ὀξύτητος
1099 1942 1173 1983 καὶ
1206 1939 1405 1990 διανοίας
1435 1936 1616 1996 ὑπῆρχε.
1663 1938 1775 1996 φύλ-

114 2008 207 2057 λοις
237 1997 312 2049 οὖν
344 2006 524 2058 ἑαυτοὺς
556 2010 687 2065 συκῆς
717 2007 966 2051 ἐσκέπασαν
996 2008 1070 2050 καὶ
1090 2009 1231 2050 ταῦτα
1252 2006 1339 2064 πρὸ
1372 2009 1449 2064 τῆς
1481 2006 1633 2057 αἰδοῦς
1663 2022 1776 2061 προ-

111 2073 349 2130 βαλόμενοι
378 2075 545 2130 μᾶλλον
576 2074 753 2119 ἐδόκουν
791 2072 1065 2130 εὐδαιμονεῖν
1107 2072 1168 2125 (ὃς
1199 2070 1260 2117 ὦν
1291 2074 1509 2131 πρότερον
1540 2072 1776 2125 ἐσπάνιζον

226 2154 247 2197 ξ
272 2155 315 2188 38
340 2170 384 2182 =
409 2153 498 2189 Gen.
523 2153 829 2200 11103541=
855 2155 944 2191 Gen.
970 2154 1026 2190 m
1052 2158 1082 2189 1.

224 2232 647 2269 ROSPLELatZonaras
671 2234 688 2269 I
711 2245 747 2279 p.
774 2236 814 2269 21
827 2245 902 2279 sqq.
951 2234 1134 2270 Eusebius
1166 2235 1341 2269 onomast.
1375 2245 1411 2278 p.
1437 2235 1514 2277 297,
1540 2235 1582 2267 32
1614 2232 1781 2276 Lagarde

225 2291 245 2323 3
269 2288 573 2336 *περριρέοντοσ
597 2290 625 2324 Ρ
695 2293 716 2324 4
741 2287 785 2326 τὸ
814 2287 938 2334 ὄνομα
964 2291 996 2325 Ε
1079 2294 1097 2325 5
1122 2287 1306 2336 *Γάγγης]
1331 2293 1414 2335 (seca
1439 2289 1511 2324 Lat
1581 2291 1691 2323 6-8
1717 2299 1778 2324 ex·

115 2345 249 2391 carpsit
272 2345 454 2381 Eusebius
566 2348 700 2393 Τίγρις]
727 2348 861 2393 τίγρησ
886 2350 920 2393 (η
944 2346 982 2381 in
1007 2351 1023 2383 ἰ’
1044 2356 1136 2381 corr.
1161 2346 1206 2384 R)
1231 2346 1344 2381 RP²E
1461 2348 1479 2379 7
1508 2341 1649 2391 Φοράς]
1676 2341 1779 2390 φορὰ

115 2403 152 2443 (α
172 2401 196 2436 i.
217 2412 289 2437 ras.
312 2405 327 2436 1
346 2401 415 2437 litt.
433 2401 474 2445 P)
494 2402 694 2439 SPLEZon
715 2404 826 2449 foras
846 2404 918 2439 Lat
1011 2404 1145 2449 τίγρησ
1169 2402 1273 2437 S¹PE
1367 2404 1385 2436 8
1411 2397 1496 2437 *διὰ
1523 2403 1597 2446 τῆς]
1627 2397 1684 2436 διὰ
1710 2403 1781 2446 γῆσ

115 2457 179 2494 Ro
271 2460 291 2492 9
316 2460 421 2503 δηλοῖ
443 2456 524 2500 τὸν]
541 2459 848 2496 RSPLELatZon
872 2462 978 2506 δηλοῖ
1000 2456 1099 2495 δὲτὸ
1119 2458 1148 2493 Ο
1240 2456 1426 2500 ἐναντίας]
1452 2453 1643 2502 α’νατολῆσ
1659 2456 1781 2492 SPLE

117 2513 265 2550 LatZon
371 2517 407 2549 11
434 2514 457 2549 i.
482 2525 593 2560 marg.
620 2515 666 2550 II
686 2516 758 2551 Lat
843 2511 880 2552 ‘O
905 2526 973 2551 om.
999 2515 1206 2550 rubricator
1230 2514 1264 2549 R
1370 2517 1410 2550 12
1436 2512 1635 2550 *ἐκέλευσε
1660 2511 1689 2547 O

116 2565 363 2616 *ἀπέχεσθαι
381 2572 484 2613 (eras.
501 2575 536 2612 σ)
560 2571 584 2606 S
681 2574 720 2607 13
747 2567 832 2614 ἀπ’]
857 2570 898 2614 ἐξ
913 2571 1000 2607 SPL
1093 2567 1441 2615 *o‘,a0‹pwvo15vwv]
1462 2565 1781 2615 ὁμοφωνούντων,

117 2640 177 2672 ‹pa›
200 2637 246 2662 ex
269 2640 345 2674 φρο
372 2637 464 2662 corr.
489 2626 518 2661 P
543 2627 808 2663 concordarent
830 2628 903 2663 Las:
1004 2630 1045 2662 14
1069 2625 1218 2663 ἐκείνου
1240 2627 1286 2661 P¹
1378 2623 1504 2671 *ὀ’ῳις]
1532 2621 1552 2661 ὃ
1580 2622 1670 2670 ι’)’φισ
1694 2625 1781 2661 SPL

230 2685 271 2718 16
296 2679 595 2728 *εύδαιμονίσειν
620 2683 648 2718 O
752 2683 1024 2728 πεπεισμένοισ
1047 2682 1081 2717 R
1184 2686 1223 2717 19
1249 2696 1290 2719 τε
1315 2693 1381 2717 om.
1409 2681 1437 2717 O
1537 2684 1606 2717 τοῦ
1630 2677 1782 2728 ἀγαθοῦ

117 2737 238 2774 RSPL
351 2741 393 2774 20
411 2737 650 2776 α’πολιπόντα
668 2740 701 2775 R
718 2736 959 2777 οἷπολίποντα
978 2739 1007 2774 Ο
1093 2741 1162 2775 τοῦ
1177 2740 1295 2779 θείου]
1313 2738 1460 2772 diuinae
1476 2737 1696 2783 cognitionis
1712 2737 1783 2772 Lat

231 2797 272 2831 23
288 2792 453 2840 Ἄδαμον]
478 2795 570 2832 adae
594 2796 665 2832 Lat
690 2791 788 2840 ἀδὰμ
813 2795 845 2830 Ε
924 2796 1139 2837 *στ’νίεσαν,
1169 2807 1191 2830 σ
1215 2797 1310 2840 (post
1334 2797 1364 2836 ε)
1387 2794 1427 2828 in
1449 2805 1521 2830 ras.
1548 2796 1567 2828 2
1591 2793 1660 2830 litt.
1686 2793 1714 2828 P

119 2846 243 2888 αὐτῶν
253 2851 318 2887 RO
338 2851 483 2889 ἑαυτῶν
501 2852 621 2887 SPLE
692 2854 735 2887 24
748 2851 1066 2898 *γεγυμνομένων
1079 2850 1112 2885 R
1182 2847 1322 2892 αὑτοῖς]
1339 2846 1472 2887 αύτοῑσ
1487 2850 1609 2885 RS¹P¹
1629 2848 1782 2887 ἓαυτοῖσ

118 2905 197 2942 P²E
282 2910 324 2943 25
350 2906 528 2955 *φύλλων
551 2908 581 2943 Ο
667 2911 708 2943 26
734 2906 913 2945 *ἓαυτοῖσ
940 2907 1020 2942 R¹O
1106 2903 1182 2953 πρὸ
1210 2916 1277 2941 om.
1295 2905 1328 2940 E
1421 2904 1721 2954 προβαλόμενοι]
1741 2906 1782 2941 8²

119 2961 427 3009 προβαλλόμενοι
444 2964 646 3000 ROS¹PLE
717 2967 757 2999 27
784 2960 834 3006 ὡς
859 2957 924 3005 ὧν]
952 2963 985 2998 Ε
1011 2957 1106 2999 ὅσον
1123 2962 1187 2998 Ro
1214 2956 1317 2998 ὅσων
1343 2961 1427 2998 SPL
1453 2963 1490 2998 in
1514 2963 1570 2999 his
1594 2974 1687 3009 quae
1711 2963 1783 2998 Lat
