2091 3418
570 216 731 261 ANTlQ.
758 216 852 252 IUD.
880 216 928 250 1v
957 219 1129 252 150-164
1155 219 1215 257 (vn
1235 220 1263 257 ι)
1666 211 1744 250 257

96 341 188 385 τοῖς
213 330 428 388 Ἑβραίοις
465 329 567 380 τοὺς
608 330 766 385 νόμους
809 332 879 373 καὶ
919 330 995 371 τὸν
1035 331 1377 385 παρανομοῦντα
1415 327 1595 377 τούτους
1626 331 1748 381 Ζαμ-

96 406 224 458 βρίαν
254 401 626 457 τιμωρησαμένου.
688 398 964 456 ΠῙαδιηνῖται
1004 397 1046 439 δὲ
1080 396 1423 453 προπυθόμενοι
1453 395 1529 438 τὸν
1561 394 1748 450 στρατὸν

99 469 172 512 ἐπὶ
206 470 323 526 σφᾶς
352 465 587 510 ἐλαύνοντα
618 467 688 508 καὶ
722 461 827 508 ὅσον
860 462 1034 508 οὐδέπω
1076 465 1379 520 παρεσόμενον
1413 459 1671 520 ἠθροίζοντό
1704 479 1751 505 τε

96 539 167 580 καὶ
189 535 268 587 τὰς
284 533 488 589 εἰσβολὰς
507 536 584 590 τῆς
601 533 758 589 χώρας,
782 530 803 589 7²
827 533 1143 589 προσεδέχοντο
1159 531 1260 582 τους
1282 533 1536 586 πολεμίους,
1560 528 1752 588 ἀσφαλι-

97 604 277 659 σάμενοι
309 604 566 658 περιέμενον
599 597 769 652 αύτούς.
820 601 1044 644 ἐλθόντων
1075 600 1121 643 δὲ
1152 601 1222 642 καὶ
1264 600 1484 655 συμβολῆς
1521 602 1752 656 γενομένης

98 675 256 714 πίπτει
285 671 372 712 τῶν
409 669 694 726 Μαδιηνιτῶν
727 670 904 726 πλῆθος
934 664 1251 724 ἀσυλλόγιστον
1281 669 1352 710 καὶ
1386 663 1582 722 ἀριθμοῦ
1613 675 1755 723 κρεῖτ-

96 754 171 781 τον
214 738 259 780 0‘1'
286 754 333 779 τε
372 738 572 791 βασιλεῖς
614 733 755 779 αἰτῶν
793 732 1006 785 ἅπαντες·
1048 739 1179 778 πέντε
1210 736 1256 778 δὲ
1290 727 1418 792 ἦσαν,
1454 726 1577 789 Ὦχός
1606 750 1653 776 τε
1683 735 1754 777 καὶ

98 805 265 863 Σούρης
296 805 357 848 ἔτι
393 805 438 847 δὲ
463 802 632 861 Ῥοβέης
662 807 733 847 καὶ
774 801 937 861 Οἰῗρης,
981 806 1186 858 πέμπτος
1217 803 1262 846 δὲ·
1289 802 1501 857 Ῥέκεμος,
1545 798 1593 844 οὗ
1625 801 1758 852 πόλις

99 872 330 928 ἐπώνυμος
360 871 409 915 τὸ
454 875 544 914 πᾶν
584 868 756 926 ἀξίωμα
786 874 863 928 τῆς
892 867 1091 926 Ἀράβων
1133 870 1290 924 ἔχουσα
1320 872 1397 926 γῆς
1426 872 1497 913 καὶ
1528 873 1653 925 μέχρι
1684 871 1757 911 νῦν

98 938 186 984 ὑπὸ
229 940 397 991 παντὸς
434 942 511 982 τοῦ
544 935 750 995 Ἀραβίου
781 941 858 981 τοῦ
895 943 1125 989 κτίσαντος
1159 939 1379 993 βασιλέως
1416 937 1465 980 τὸ
1507 934 1646 992 ὄνομα
1672 934 1757 980 Ῥε-

99 1012 229 1066 κέμης
260 1010 468 1059 καλεῖται,
504 1011 653 1062 Πέτρα
685 1002 793 1062 παρ’
818 1001 995 1063 Ἕλλησι
1028 1008 1247 1063 λεγομένη.
1307 1008 1562 1061 τραπέντων
1595 1005 1640 1047 δὲ
1670 1006 1758 1047 τῶν

101 1077 328 1130 πολεμίων
359 1076 400 1118 οἱ
428 1073 617 1130 Ἑβραῖοι
652 1074 902 1131 διήρπασαν
926 1070 1069 1117 αὐτῶν
1090 1073 1168 1130 την
1187 1073 1333 1129 χώραν
1353 1074 1424 1116 καὶ
1447 1071 1616 1128 πολλὴν
1639 1073 1759 1115 λείαν

103 1144 311 1199 λαβόντες
353 1145 422 1186 καὶ
466 1142 568 1193 τοὺς
604 1142 833 1198 οἰκήτορας
871 1141 1065 1198 γυναιξὶν
1107 1137 1198 1196 ἅμα
1238 1141 1585 1198 διαφθείραντες
1621 1139 1760 1195 μόνας

101 1210 180 1261 τὰς
211 1214 466 1268 παρθένους
496 1211 744 1261 κατέλιπον,
776 1211 904 1252 τοῦτο
935 1212 1154 1260 -Μωυσέος
1187 1212 1338 1252 Φινέει
1367 1207 1662 1258 κελεύσαντος.
1713 1207 1762 1258 ὃς

108 1275 205 1335 ἧκεν
237 1276 352 1334 ε’ἱγων
381 1278 458 1321 τὸν
490 1277 678 1335 στρατὸν
709 1273 869 1333 ἀπαθῆ
901 1279 970 1320 καὶ
1013 1278 1134 1320 λείαν
1166 1273 1392 1334 ἄφθονον,
1431 1275 1542 1330 βόας
1569 1275 1648 1330 μὲν
1679 1273 1760 1332 γὰρ

105 1347 344 1400 δισχιλίοις
382 1348 453 1388 καὶ
496 1349 912 1401 πεντακισμυρίοις,
951 1342 1020 1394 ὄις
1059 1345 1105 1387 δὲ
1143 1344 1500 1398 πεντακισχιλίας
1538 1342 1652 1399 πρὸς
1680 1360 1762 1397 μυ-

104 1414 251 1470 ριάσιν
284 1413 397 1456 ἑπτὰ
429 1416 501 1456 καὶ
532 1413 758 1469 ἑξήκοντα,
801 1410 928 1463 ὅνους
960 1412 1006 1455 δὲ
1037 1411 1366 1467 ἑξακισμυρίας,
1405 1413 1567 1467 χρυσοῦ
1606 1410 1653 1453 δὲ
1689 1411 1763 1453 καὶ

107 1477 292 1537 ἀργύρου
327 1478 511 1537 ἄπειρόν
533 1498 574 1524 τι
608 1482 784 1536 πλῆθος
814 1482 1092 1536 κατασκευῆς,
1123 1476 1148 1537 ᾗ
1171 1475 1266 1522 κατ3
1294 1477 1412 1522 οἷκον
1435 1478 1642 1534 ἐχρῶντο·
1674 1475 1760 1521 ὑπὸ

106 1548 188 1605 γὰρ
221 1545 502 1603 εὔδαιμονίας
531 1549 603 1591 καὶ
641 1545 920 1604 ἁβροδίαιτοι
961 1547 1135 1605 σφόδρα
1174 1546 1415 1603 ἐτύγχανον.
1476 1543 1678 1603 ἤχθησαν
1719 1544 1765 1587 δὲ

107 1618 179 1659 καὶ
213 1617 257 1659 αἶ
290 1619 514 1672 παρθένοι
545 1618 649 1672 περὶ
681 1616 898 1669 δισχιλίας
927 1616 999 1658 καὶ
1036 1619 1310 1671 τρισμυρίας.
1371 1615 1570 1669 ῙΙῚωυσῆς
1611 1612 1657 1655 δὲ
1687 1628 1765 1666 με·

109 1687 236 1739 ρίσας
265 1683 342 1740 τὴν
375 1685 495 1727 λείαν
532 1686 609 1740 τῆς
648 1683 726 1738 μὲν
756 1681 907 1738 ἑτέρας
935 1681 984 1725 τὸ
1017 1681 1313 1739 πεντηκοστὸν
1338 1676 1577 1737 Ἐλεαζάρῳ
1609 1680 1766 1724 δίδωσι

109 1752 181 1793 καὶ
222 1759 315 1801 τοῖς
356 1751 537 1807 ἱερεῦσι,
578 1755 797 1801 Λευίταις
835 1750 881 1793 δὲ
910 1751 988 1805 τῆς
1023 1748 1174 1805 ἑτέρας
1203 1748 1252 1792 τὸ
1295 1746 1592 1805 πεντηκοστὸν
1622 1749 1765 1803 μέρος,

109 1818 189 1875 τὴν
221 1819 267 1862 δὲ
299 1817 458 1875 λοιπὴν
490 1821 609 1873 νέμει
638 1820 701 1874 τῷ
734 1819 840 1873 λαῷ.
899 1819 972 1860 καὶ
1014 1816 1163 1873 διῆγον
1193 1815 1242 1859 τὸ
1286 1814 1444 1859 λοιπὸν
1484 1810 1766 1869 εὐδαιμόνως,

113 1881 340 1943 ἀφθονίας
369 1886 448 1941 μὲν
479 1881 663 1942 ἀγαθῶν
695 1881 845 1936 αὐτοῖς
865 1880 945 1928 ὑπ’
973 1879 1129 1941 ἆρετῆς
1148 1886 1442 1940 γεγενημένης,
1473 1880 1560 1926 ὑπὸ
1583 1880 1769 1940 μηδενὸς

113 1954 159 1997 δὲ
191 1956 461 2011 σκυθρωποῦ
490 1953 650 2011 ταύτης
681 1949 923 1996 ἀπολαύειν
955 1951 1307 2006 ἐμποδιζόμενοι.

226 2056 246 2100 ξ
276 2057 336 2090 160
361 2073 404 2085 --
428 2054 533 2090 Num.
549 2030 660 2110 xiv
688 2031 740 2089 18.
787 2053 897 2089 Iosua
921 2053 1008 2088 XIII
1034 2055 1087 2088 21.

227 2133 692 2169 ROMSPLELatZonaras
708 2132 725 2167 I
741 2143 777 2176 p.
793 2134 846 2166 73.
885 2131 1067 2167 Eusebius
1092 2132 1267 2166 onomast.
1285 2140 1390 2165 sacra
1414 2140 1448 2174 p.
1466 2131 1543 2172 228,
1558 2132 1575 2162 5
1593 2127 1771 2173 Lagarde,

115 2189 162 2225 cf.
187 2189 427 2235 Hieronymus
452 2190 512 2225 1.1.
537 2202 573 2235 p.
588 2192 641 2233 98,
661 2192 691 2223 3.

230 2249 244 2279 1
274 2247 473 2280 zamariam
497 2245 569 2281 Lat
677 2248 696 2279 2
720 2247 931 2289 μαὸιανῖται
958 2244 1115 2280 OSPLat
1222 2239 1524 2289 προπυθόμενοι,
1549 2243 1627 2276 rev-9
1648 2240 1674 2274 i.
1699 2249 1770 2274 ras.

117 2301 141 2337 S
166 2296 477 2348 προθυμούμενοι
501 2301 540 2336 Μ
679 2297 859 2346 στρατὸν]
886 2298 1099 2347 στρατηγὸν
1122 2300 1191 2334 MP
1318 2302 1337 2334 6
1362 2299 1591 2343 μαδιανιτῶν
1614 2295 1774 2331 SPELat

231 2360 248 2390 7
268 2357 306 2393 δὲ
332 2367 398 2392 om.
416 2357 455 2391 M
556 2360 574 2392 8
602 2355 761 2404 Σούρης]
787 2353 909 2404 οἷσούρ
924 2357 952 2391 Ρ
977 2354 1160 2403 ἰασούρησ
1183 2356 1207 2392 S
1232 2351 1401 2402 οἷσούρησ
1416 2354 1447 2389 L
1473 2348 1639 2400 σούργησ
1656 2351 1688 2386 Ε
1712 2362 1775 2386 sur

118 2414 190 2449 Lat
283 2409 445 2460 Ῥοβέης]
471 2413 612 2460 ῥοβέησ
635 2427 676 2450 τε
702 2413 861 2449 MSPLE
885 2412 986 2448 robet
1009 2413 1081 2448 Lat
1189 2410 1318 2459 Οὔρης]
1352 2409 1471 2458 οὕβησ
1495 2412 1529 2456 (η
1553 2420 1598 2444 ex
1622 2419 1713 2444 corr.
1739 2408 1774 2450 S)

120 2469 281 2505 MSPLE
306 2469 378 2503 uiri
402 2470 449 2510 (h.
464 2479 495 2504 e.
509 2469 579 2512 uri)
604 2469 675 2505 Lat
761 2467 946 2514 Ῥέκεμος]
971 2467 1136 2515 ῥέβεκοσ
1159 2469 1193 2503 Ε
1214 2479 1329 2503 recem
1353 2468 1425 2502 Lat
1519 2468 1559 2500 10
1582 2461 1671 2507 ὑπὸ]
1697 2460 1774 2501 ἀπὸ

120 2525 185 2560 Ro
277 2521 468 2571 ἅρραβίου
491 2525 530 2560 Μ
621 2522 802 2573 Ῥεκέμης]
833 2521 996 2573 οἷρεκέμη
1020 2524 1114 2560 MSP
1147 2523 1285 2571 ῥεκέμη
1306 2524 1337 2558 L
1370 2521 1527 2558 arachen
1552 2522 1624 2557 Lat
1654 2517 1777 2568 Ἀρκὲμ

122 2581 244 2616 Euseb
317 2583 356 2616 13
381 2582 709 2629 *διαφθείραντασ
731 2582 765 2618 R
835 2585 877 2616 14
901 2578 1008 2624 *τὰς]
1033 2581 1073 2618 τὲ
1097 2581 1126 2616 Ο
1209 2579 1461 2616 *κατέλειπον
1484 2578 1514 2613 L
1593 2576 1778 2623 μωυσέωσ

123 2636 192 2671 ΜΡ
216 2636 391 2681 μωῢσέοσ
416 2649 436 2672 ο
462 2647 506 2672 ex
530 2652 560 2674 ω
586 2648 675 2673 corr.
702 2638 725 2674 S
830 2637 965 2678 Φινέει]
990 2637 1119 2683 φινεὲσ
1142 2636 1204 2671 RP
1230 2635 1338 2682 φινὲσ
1361 2635 1385 2671 S
1409 2634 1560 2681 φινεέση
1583 2634 1644 2670 OL
1667 2634 1779 2679 finees

125 2692 196 2727 Lat
290 2696 328 2728 15
355 2689 497 2739 ἀπαθῆ]
523 2689 672 2740 ἀγαθὴν
694 2694 758 2730 Ro
866 2696 907 2728 16
934 2690 1046 2735 ‹²519—
1061 2696 1099 2727 17
1125 2689 1300 2738 μυριάσιν
1324 2702 1392 2727 om.
1416 2690 1594 2726 ROMLat
1697 2687 1779 2726 ὄεισ

127 2747 152 2783 S
178 2745 261 2784 ὅ·ισ
284 2748 313 2782 P
433 2751 755 2796 πεντακισχιλίασ,
780 2763 828 2787 ασ
853 2762 897 2786 ex
923 2761 991 2786 ουσ
1015 2759 1107 2784 corr.
1132 2748 1160 2783 P
1186 2748 1514 2792 πεντακισχιλίουσ
1537 2746 1568 2781 L
1682 2742 1780 2793 πρὸς

125 2801 311 2850 μυριάσιν]
336 2806 397 2840 καὶ
421 2808 593 2853 μυριᾶσιν
616 2806 647 2841 L
741 2810 779 2842 17
807 2804 930 2848 ὄνους]
954 2805 1078 2840 asinos
1100 2804 1172 2840 Lat
1262 2801 1544 2850 ἑξακισμυρίασ,
1570 2815 1619 2839 ασ
1643 2813 1687 2838 ex
1712 2815 1781 2839 ουσ

127 2869 220 2895 corr.
236 2859 264 2894 Ο
290 2858 575 2907 ἓξακισμυρίουσ
590 2862 714 2899 MSPL
821 2865 861 2897 18
885 2860 1081 2908 ἐχ·ρῶντο
1107 2860 1131 2896 S
1235 2863 1277 2894 20
1304 2858 1341 2896 αἱ
1365 2870 1456 2895 eras.
1473 2859 1502 2894 P
1605 2859 1782 2905 *τρισμυ-

129 2916 226 2962 ρίας]
250 2918 448 2962 δισμυρίασ
470 2918 498 2952 Ρ
598 2920 757 2965 *μωσῆσ
781 2918 820 2952 Μ
920 2920 960 2953 21
979 2919 1071 2963 *τῆς
1093 2916 1162 2961 μὲν
1186 2914 1316 2963 ἑτέρας
1339 2926 1406 2951 0111.
1431 2915 1471 2950 M
1567 2918 1608 2950 25
1633 2913 1782 2960 ἐμποδι-

128 2968 294 3017 ζόμενοι]
321 2973 463 3018 Cocceji
486 2971 797 3019 ἐμποδιζομένοισ
822 2973 925 3010 codd.

198 3034 336 3070 Iosephus
354 3035 375 3062 Ι.
1471 3030 1510 3062 17

1786 397 1862 437 160

1788 598 1860 639 161

1794 1004 1870 1044 162

1794 1207 1873 1247 163

1798 1612 1879 1653 164
