2060 3475
855 221 1046 256 Praefatio.
1697 225 1779 260 LIII

235 337 357 380 Nune
388 335 440 378 (le
472 336 697 390 interprete
729 336 857 378 latino
891 337 1019 379 uerba
1041 342 1136 379 sunt
1168 336 1373 390 facienda,
1406 337 1447 378 in
1480 350 1560 390 quo
1592 337 1634 380 id
1667 352 1777 381 eom·

122 403 246 447 mode
285 402 440 446 accidit
471 403 582 456 quod
624 404 712 446 eius
743 408 925 447 aetatem
957 405 1170 458 nouimus,
1212 419 1295 458 qua
1328 406 1432 447 inter
1474 417 1619 447 omnes
1651 406 1779 449 libros

121 484 297 526 graecos
345 472 536 524 excellit,
582 475 726 514 eontra
772 473 948 515 moleste
997 472 1058 526 id,
1105 473 1217 526 quod
1260 474 1413 515 latinus
1453 479 1537 526 est,
1583 473 1700 516 euius
1743 476 1779 518 si

123 540 341 594 exemplar
373 539 624 582 haberemus
654 553 866 594 graecum,
898 541 1047 582 melius
1079 543 1242 583 fortuna
1264 541 1316 582 de
1344 541 1465 582 nobis
1486 542 1776 586 consuluisset.

123 620 175 650 ea
205 606 315 649 enim
348 611 412 649 est
442 607 612 660 linguae
645 607 800 650 latinae
833 613 1003 663 natura,
1043 608 1086 650 id
1127 621 1250 662 porro
1290 608 1527 662 interpretis
1565 609 1778 661 ingenium

121 680 164 717 et
200 688 318 729 usus,
360 680 404 716 ut
441 687 746 728 saepenumero
779 676 879 728 qnid
913 677 953 718 in
984 676 1148 729 graecis
1181 675 1375 717 habuerit
1406 675 1488 718 diei
1520 690 1600 718 non
1633 678 1778 732 possit.

119 755 276 796 genera
307 742 424 784 uerbi
456 742 602 785 modos
643 748 832 797 tempora
853 747 880 795 ¹)
919 744 1219 786 sententiarum
1251 743 1541 797 compaginem
1575 745 1778 800 interpres

120 813 314 852 accurate
345 816 588 852 conuertere
628 816 700 852 aut
736 826 816 853 non
848 812 984 866 potuit
1019 816 1090 853 aut
1121 811 1326 865 neglexit;
1369 824 1464 852 nam
1505 811 1674 856 infimae
1715 820 1779 856 est

119 877 341 919 latinitatis
372 881 413 920 et
444 879 607 930 uulgari
641 878 767 921 utitur
797 892 1000 922 sermone.
1047 878 1359 920 coniunctiones
1391 879 1528 921 minus
1566 879 1777 935 discernit,

119 945 234 988 uelut
262 946 461 999 siquidem
493 947 597 986 enim
631 953 764 985 aulem
795 947 934 988 aliaue
963 946 1101 989 sintne
1134 945 1179 987 ὸὲ
1207 959 1260 987 an
1290 944 1371 1000 γὰρ
1403 946 1485 988 dici
1510 961 1594 990 non
1616 954 1776 1003 potest;

118 1026 200 1066 quo
233 1013 419 1066 aceedit,
461 1013 572 1066 quod
613 1027 740 1068 saepe
772 1014 914 1068 paullo
955 1013 1126 1056 liberius
1157 1026 1311 1067 graeca
1342 1014 1617 1070 transtulit2)‚
1648 1030 1778 1073 saepe

117 1082 228 1124 male
260 1081 468 1123 intellexit
499 1086 570 1124 aut
595 1081 703 1123 male
731 1081 921 1122 distinxit
938 1084 987 1133 3);
1021 1094 1150 1134 quare
1180 1096 1260 1124 non
1284 1095 1377 1124 raro
1408 1083 1450 1124 in
1484 1096 1531 1125 eo
1565 1084 1650 1125 alia
1680 1090 1777 1128 sunt

116 1154 243 1201 atque
284 1149 325 1190 in
364 1149 548 1202 graecis,
590 1161 667 1189 nee
706 1153 844 1190 tamen
885 1149 971 1190 alia
1010 1149 1220 1192 inuenisse
1259 1149 1470 1204 putandus
1513 1155 1575 1193 est
1616 1164 1667 1194 ae
1697 1166 1775 1195 nos

115 1217 330 1259 habemus.
382 1216 513 1257 multa
534 1215 707 1256 Latinus
737 1215 877 1258 omisit
907 1220 978 1258 aut
1010 1218 1049 1258 in
1084 1218 1250 1260 breuius
1273 1218 1422 1272 coegit,
1455 1231 1547 1260 eum
1570 1232 1651 1261 non
1673 1220 1777 1262 satis

117 1285 379 1338 intellegeret
410 1290 482 1325 ant
513 1295 558 1324 re
590 1296 691 1325 uera
722 1289 916 1338 corrupta
948 1284 1148 1337 essent.⁴)
1195 1290 1338 1326 eontra
1369 1298 1451 1327 non
1484 1299 1577 1327 raro
1608 1287 1776 1342 accidit,

114 1357 160 1394 ut
189 1350 353 1404 aliquid
383 1350 563 1392 adderet
593 1354 665 1392 aut
695 1351 920 1404 supplendi
952 1364 1081 1394 eausa
1111 1356 1183 1393 aut
1214 1353 1313 1404 quia
1353 1353 1516 1395 facilius
1558 1354 1775 1398 intellectu

115 1422 203 1462 fore
235 1418 448 1462 uideretur
478 1423 550 1459 aut
583 1418 668 1459 alia
699 1418 751 1460 de
785 1423 962 1464 eausaf‘)
1011 1419 1114 1461 talia
1153 1419 1281 1471 igitur
1311 1433 1404 1462 eum
1435 1421 1651 1475 interpreti
1692 1436 1775 1465 non

112 1486 291 1542 Iosepho
322 1486 406 1529 sint
436 1485 682 1539 imputanda
712 1487 959 1540 plerumque
991 1490 1110 1528 erant
1139 1488 1371 1530 omittenda
1402 1492 1443 1530 et
1469 1502 1519 1530 ea
1541 1493 1702 1531 tantum
1732 1491 1775 1532 in

112 1560 319 1610 apparatu
350 1553 493 1596 eritieo
525 1553 815 1608 memoranda,
860 1567 968 1607 quae
999 1558 1110 1596 certe
1141 1558 1213 1596 aut
1252 1555 1528 1607 probabiliter
1567 1556 1650 1598 diei
1681 1570 1774 1612 pos-

112 1628 206 1665 sent
236 1623 290 1664 ab
321 1623 545 1676 interprete
567 1621 653 1662 alia
683 1627 851 1675 reperta
882 1635 975 1664 esse
1004 1635 1054 1663 ae
1075 1622 1117 1663 in
1137 1621 1318 1676 Iosepho
1340 1626 1493 1665 nostro.
1525 1624 1694 1678 saepius
1715 1625 1775 1666 in-

112 1697 272 1745 terpres
303 1703 329 1731 a
358 1689 521 1743 graecis
559 1688 700 1731 uerbis
730 1692 878 1744 sponte
910 1687 1230 1743 deflectebatur‚
1271 1702 1365 1730 eum
1404 1689 1445 1730 in
1481 1703 1525 1732 re
1556 1690 1775 1734 tritissima

112 1761 350 1800 uersaretur
380 1770 432 1799 ex
462 1756 580 1798 libris
611 1756 960 1808 sermonibusque
981 1756 1113 1798 saeris
1134 1756 1262 1810 uulgo
1284 1760 1395 1798 nota.
1443 1770 1542 1811 ergo
1564 1758 1774 1801 interdum

111 1836 308 1878 graecum
337 1822 446 1872 θεὸς
476 1824 682 1866 conuertit
713 1824 911 1871 dominas,
943 1823 1275 1872 Παλαιστίνοις
1307 1824 1556 1878 ιιΙῐεηιζᾳεηιιε
1577 1825 1652 1878 (VI
1675 1826 1774 1881 282)

110 1893 148 1934 h.
182 1907 217 1935 e.
261 1887 558 1947 ἀλλοφύλους,
608 1894 654 1933 ut
692 1890 893 1932 exhibent
930 1891 1180 1945 interpretes
1210 1891 1356 1947 LXX;
1403 1892 1460 1934 VI
1498 1894 1579 1934 354
1618 1895 1774 1936 τοῦτον

109 1957 191 2015 γὰρ
220 1956 333 2001 εἶναι
363 1958 440 2001 τὸν
470 1957 693 2014 Δαυίδην,
726 1956 775 2000 ὃν
808 1954 989 2014 ᾄδοι-σιν
1023 1958 1068 2000 αἱ
1099 1961 1324 2013 παρθένοι
1355 1958 1527 2009 πολλὰς
1556 1960 1775 2015 μυριάδας

110 2027 424 2069 Παλαιστίνων
467 2022 749 2068 ἀπολέσαντα
789 2027 870 2069 ritu
910 2039 1029 2069 Sacro
1061 2027 1121 2069 sie
1152 2040 1355 2082 expressa
1385 2032 1500 2070 sunt:
1546 2028 1777 2069 adiciebant

226 2141 255 2179 1)
281 2137 382 2172 uelut
405 2137 590 2173 aoristum.

223 2196 255 2236 2)
279 2194 380 2229 uelut
403 2193 472 2229 VH
492 2196 557 2239 322
582 2189 634 2235 ὡς
658 2193 693 2229 εἰ
716 2189 828 2238 λιμὸν
851 2190 1005 2239 αἰτήσει,
1030 2191 1128 2236 δόξει
1152 2197 1267 2230 τοῦτο
1287 2194 1530 2240 πεποιηκέναι
1547 2201 1627 2237 τοῖς
1644 2193 1774 2238 ἄλλοις

111 2246 212 2298 αὑτῷ
236 2250 305 2293 μὲν
337 2245 514 2297 ιῖφόβως,
547 2244 606 2286 ὅτι
637 2246 757 2286 πολὺν
788 2247 903 2292 αὐτὸς
933 2248 1244 2296 ἐγκεκλεισμένον
1277 2248 1355 2296 ἔχοι
1388 2256 1511 2293 σῖτον,
1541 2250 1702 2293 ἐκείνοις
1735 2252 1773 2288 δὲ

109 2309 310 2354 βλαβερῶς
335 2307 515 2342 conuertit
539 2307 736 2350 interpres:
763 2306 850 2351 qaia
874 2306 905 2341 εἰ
928 2307 1065 2351 famem
1090 2307 1238 2352 elz'qerec
1268 2312 1395 2342 contra
1426 2307 1517 2342 alios
1549 2307 1617 2342 leoc
1645 2307 1773 2352 facere

110 2363 312 2405 uideretur,
346 2362 491 2408 quando
516 2363 594 2409 ipse
619 2362 761 2408 quidem
786 2361 921 2397 habens
944 2363 1056 2398 multa
1078 2363 1267 2408 framenta
1291 2374 1363 2398 mm
1384 2367 1574 2409 pateretur
1598 2364 1772 2409 inopiam,

110 2419 258 2465 reliquis
282 2430 369 2454 uero
392 2423 485 2455 esset
508 2419 690 2466 anqzcstc'a.

224 2479 256 2519 3)
279 2475 350 2511 VII
367 2478 430 2510 341
457 2473 868 2522 προσπαρεκελεύσατο
896 2474 933 2510 δὲ
957 2477 1021 2510 καὶ
1045 2488 1134 2518 τους
1159 2473 1350 2522 ἄρχοντας
1371 2477 1439 2511 τοῦ
1463 2477 1556 2510 λαοῦ
1581 2477 1645 2520 τῆς
1671 2474 1772 2511 οἰκο-

111 2533 244 2576 δομίας
274 2531 529 2579 συλλαβέσθαι
564 2534 617 2580 τῷ
650 2532 755 2567 παιδί
783 2530 820 2565 in
851 2530 983 2566 Latino
1019 2534 1120 2567 sunt:
1154 2532 1344 2577 praecepit
1374 2536 1492 2565 autem
1523 2536 1558 2565 et
1579 2531 1772 2577 princilws

109 2589 240 2634 populi
261 2599 354 2634 quos
375 2589 543 2633 fabricae
559 2591 830 2634 praeposuerat
851 2587 968 2631 filiam
993 2587 1180 2622 adiuuare.

223 2648 255 2687 4)
280 2647 320 2680 ut
335 2644 422 2680 VIII
436 2646 498 2679 283
518 2646 656 2680 τοῦτον
672 2640 746 2691 γὰρ
765 2639 808 2680 οὐ
824 2646 1087 2680 κεκυκλῶσθαι
1111 2640 1209 2690 πρὸς
1226 2645 1302 2679 τῶν
1327 2643 1521 2686 πολεμίων
1546 2641 1665 2678 omisit
1689 2653 1771 2678 cum

111 2704 282 2746 corrupta.
305 2701 467 2736 haberet.

222 2760 254 2799 ὃ)
280 2757 380 2792 uelut
404 2756 472 2792 VII
497 2759 539 2792 95
565 2756 617 2798 εἰς
642 2759 838 2803 τηλικοῦτο
864 2756 1028 2802 μέγεθος
1051 2754 1256 2802 ἡγεμονίας
1282 2768 1321 2791 τε
1345 2757 1408 2790 καὶ
1434 2752 1540 2800 δόξης
1565 2749 1770 2800 ἀναγαγὼν

110 2814 207 2857 apud
229 2813 401 2849 Latinum
425 2816 495 2848 est:
529 2816 632 2847 tanta
662 2814 770 2859 requi
799 2812 1048 2858 maqm'tadz'ne
1077 2812 1293 2846 sublimarat
1326 2816 1359 2846 et
1390 2811 1438 2846 ad
1465 2810 1606 2856 qlorz'ae
1631 2810 1770 2845 culmen

110 2873 294 2904 accesserat.
337 2872 374 2904 et
385 2869 472 2904 VIII
487 2871 528 2903 65
552 2870 616 2904 καὶ
641 2865 681 2915 δὴ
706 2871 770 2906 καὶ
793 2866 861 2911 τὰς
885 2866 1055 2910 εἰσόδους
1081 2863 1208 2909 αὐτοῖς
1232 2862 1280 2902 δι’
1299 2862 1468 2913 α’λλήλων
1492 2864 1770 2903 κατεσκεύασεν

110 2923 148 2958 in
170 2924 301 2960 Latino
327 2928 400 2960 est:
426 2936 509 2960 nam
534 2930 568 2960 et
592 2926 777 2971 inpressas
800 2937 923 2961 cariem
947 2926 998 2959 ita
1022 2924 1114 2969 fecit
1134 2923 1346 2965 adinaicem,
1374 2928 1412 2958 at
1435 2933 1484 2959 ex
1508 2922 1584 2958 alia
1614 2924 1768 2958 intrare-

112 2983 170 3014 tur
194 2979 242 3015 ad
264 2980 384 3016 aliam.
1269 2979 1272 2982 ’
