2091 3418
563 203 724 248 ANTIQ.
752 202 846 239 IUD.
874 203 923 238 IV
953 206 1125 238 1:30—135
1152 207 1312 243 (wc-n,
1686 200 1762 237 251

1386 312 1397 327 ί

113 315 258 369 αὐτοῖς
289 316 364 360 τὸν
399 315 508 360 θεόν
539 311 910 373 ὀργισθήσεσθαι.
962 313 1076 359 καὶὸ
1110 316 1188 370 μὲν
1223 311 1355 358 τοῦθ’
1380 317 1657 369 υποθέιιενος
1689 309 1766 355 αύ-

109 395 203 438 τοῑς
233 383 382 443 η’ίχετο.

224 458 261 497 7.
307 454 403 495 Τιῦν
434 451 480 494 δὲ
517 451 802 508 Μαδιηνιτῶν
843 452 1118 507 πεμψάντων
1149 451 1228 502 τὰς
1269 454 1516 507 θυγατέρας
1548 450 1656 493 κατὰ
1687 449 1765 506 τὴν
1801 454 1875 493 131

112 521 273 565 ἐκείνου
304 522 566 576 παραίνεσιν
598 519 638 561 οἱ
669 522 756 562 τιῦν
782 517 992 575 Ἑβραίων
1015 517 1265 562 ἁλίσκονται
1290 522 1377 561 νέοι
1401 521 1478 575 τῆς
1499 516 1767 573 εὐπρεπείας

61 599 80 631 5
111 585 252 632 αὐτῶν
282 589 350 630 καὶ
385 587 730 642 παραγενόμενοι
767 587 829 638 εἰς
852 587 1004 643 λόγοι-ς
1027 582 1179 636 αὐταῖς
1202 586 1475 641 παρεκάλουν
1496 586 1551 642 μὴ
1579 590 1766 643 φθονεῖν

111 652 258 706 αὐτοῖς
277 657 354 711 τῆς
375 657 450 697 τοῦ
472 655 656 705 κάλλους
680 652 821 697 αὐτῶν
859 651 1148 704 ἀπολαύσεως
1179 654 1288 711 μηδὲ
1309 656 1386 710 τῆς
1407 656 1483 696 τοῦ
1508 653 1766 710 πλησιάζειν

110 722 372 781 συνηθείας·
420 723 463 765 αἱ
507 718 550 764 δ’
589 718 787 777 ἀσμένως
828 722 1058 777 δεξάμεναι
1098 720 1200 771 τους
1240 721 1393 776 λόγους
1433 721 1646 777 συνῄεσαν
1692 716 1767 763 αύ-

108 799 214 842 τοῖς.
260 789 549 848 ἐνδησάμεναι
583 786 624 832 δ’
652 787 809 840 αὐτοὺς
839 793 899 845 τῷ
924 790 1036 847 πρὸς
1068 784 1202 840 αὐτὰς
1233 789 1362 844 ἔρωτι
1393 790 1463 832 καὶ
1496 791 1571 845 τῆς
1603 788 1767 831 ἐπιθυ·
1802 791 1879 832 132

109 863 213 914 μίας
245 853 520 915 ἀκμαζούσης
552 859 651 913 περὶ
686 853 944 914 ἀπαλλαγὴν
981 857 1186 914 ἐγίνοντο.
1236 855 1338 906 τοὺς
1361 851 1401 898 δ’
1430 851 1603 910 ἀθυμία
1624 855 1764 913 πολλη

43 935 78 968 10
111 925 222 983 πρὸς
266 925 343 982 τὴν
391 921 664 982 ἀναχώρησιν
710 928 797 967 τιῦν
841 928 1053 981 γυναικῶν
1100 926 1313 979 κατέλαβε
1359 926 1428 967 καὶ
1479 925 1767 978 λιπαροῦντες

111 993 336 1045 ἐνέκειντο,
368 993 424 1050 μη
460 995 577 1050 σφᾶς
607 994 879 1044 καταλιπεῖν,
913 989 1023 1035 ἀλλὰ
1055 992 1247 1048 γαμετὰς
1279 988 1421 1034 αὐτῶν
1454 992 1662 1046 ἐσομένας
1691 987 1768 1034 αύ-

109 1058 216 1105 τόθι
247 1064 392 1116 μείἐιν
423 1063 492 1104 καὶ
527 1061 766 1111 δεσποίνας
805 1056 1247 1117 ἀποδειχθησομένας
1278 1057 1457 1102 πάντων
1488 1056 1548 1101 ὦν
1578 1057 1767 1115 ὑπῆρχεν

113 1124 274 1178 αὐτοῖς.
325 1130 462 1171 ταῦτα
493 1128 539 1171 δὲ
570 1124 776 1182 ὀμνύντες
798 1127 943 1184 ἔλεγον
964 1130 1035 1170 καὶ
1057 1127 1167 1170 θεὸν
1187 1132 1370 1185 μεσίτην
1392 1124 1452 1170 (ὗν
1475 1124 1766 1181 ὑπισχνοῦντο
1803 1129 1880 1170 133

114 1195 374 1250 ποιούμενοι
415 1195 671 1251 δακρύοντές
707 1212 754 1238 τε
792 1197 862 1238 καὶ
905 1195 1188 1248 πανταχόθεν
1226 1192 1383 1246 αὖτοὺς
1429 1194 1641 1246 ἐλεεινοὺς
1670 1204 1768 1246 ταῖς

44 1272 80 1305 15
109 1263 276 1320 γυναιξὶ
325 1260 715 1315 κατασκευάζοντες
761 1261 886 1306 εἶναι.
955 1263 1000 1305 αἱ
1042 1259 1083 1305 δ’
1111 1260 1170 1314 ὡς
1216 1262 1566 1317 δεδουλωμένους
1612 1258 1769 1311 αὐτοὺς

110 1330 376 1388 κατενόησαν
407 1332 476 1374 καὶ
501 1331 658 1382 τελέως
688 1328 775 1374 ὑπὸ
799 1333 875 1387 τῆς
906 1334 1146 1388 συνηθείας
1176 1329 1416 1385 ἐχομένους,
1450 1327 1633 1387 ἤρξαντο
1656 1328 1768 1384 πρὸς

113 1394 269 1449 αὐτούς
301 1400 461 1454 λέγειν·

226 1469 262 1509 8.
296 1463 458 1520 ,,“Ημῖν,
491 1456 524 1508 ὦ
554 1465 780 1522 κράτιστοι
811 1467 930 1517 νέων,
963 1463 1076 1509 οἶκοί
1097 1469 1144 1509 τέ
1165 1465 1252 1509 εἶσι
1283 1468 1486 1522 πατρῷοι
1518 1467 1589 1509 καὶ
1621 1467 1770 1522 κτῆσις
1804 1468 1881 1509 134

113 1529 297 1588 ἀγαθῶν
329 1530 533 1590 ἄφθονος
566 1535 637 1576 καὶ
679 1530 699 1590 ἢ
736 1531 858 1586 παρὰ
888 1534 974 1575 τῶν
1003 1536 1165 1589 γονέων
1196 1536 1267 1577 καὶ
1298 1536 1386 1576 τῶν
1417 1533 1589 1577 οἰκείων
1622 1530 1770 1576 εὔνοια

48 1611 84 1643 20
112 1601 183 1643 καὶ
216 1600 393 1656 στοργή,
433 1602 506 1643 καὶ
545 1596 640 1643 κατ’
669 1597 845 1651 οὐδενὸς
875 1600 1042 1643 τούτων
1074 1601 1214 1657 πόρον
1247 1597 1403 1645 ἐνθάδ’
1432 1597 1614 1658 ἥκουσαι
1646 1597 1770 1657 ἡμεῖς

114 1668 176 1718 εἰς
215 1665 394 1722 ὁμιλίαν
433 1663 611 1724 ἥκομεν,
651 1664 745 1710 οὐδ’
773 1667 1153 1722 ἐμπορευσόμεναι
1183 1667 1261 1725 την
1302 1663 1420 1724 ὥραν
1450 1671 1527 1712 τοῦ
1565 1667 1771 1722 σώματος

113 1734 438 1792 προσηκάμεθα
468 1735 544 1792 τὴν
574 1733 785 1793 ὑμετέραν
818 1732 1020 1788 ἀξίωσιν,
1054 1731 1151 1778 ἀλλ’
1178 1733 1338 1792 ἄνδρας
1371 1731 1569 1791 ἀγαθοὺς
1599 1738 1671 1779 καὶ
1704 1736 1770 1779 δι-

113 1806 262 1853 καίους
293 1799 601 1857 ὑπολαβοῦσαι
630 1803 850 1854 τοιούτοις
871 1801 984 1858 ὑμᾶς
1004 1805 1189 1859 τιμῆσαι
1211 1803 1370 1854 ξενίοις
1392 1804 1624 1858 δεομένους
1645 1803 1768 1848 ἐπεί-

115 1873 299 1927 σθημεν.
358 1871 429 1912 καὶ
473 1872 566 1923 νῦν,
607 1870 707 1914 ἐπεί
746 1887 859 1929 φατε
899 1870 1014 1928 πρὸς
1051 1868 1166 1928 ἡμᾶς
1205 1871 1509 1929 φιλοστόργως
1550 1871 1659 1926 ἔχειν
1698 1874 1768 1915 καὶ
1805 1876 1883 1915 135

48 1948 86 1981 25
117 1938 335 1980 λυπεῖσθε
364 1937 616 1991 μελλουσῶν
648 1934 899 1996 ἀναχωρεῖν,
933 1934 1026 1982 οὐδ’
1058 1934 1183 1982 αὐταὶ
1214 1938 1292 1995 τὴν
1325 1939 1472 1997 δέησιν
1502 1937 1622 1995 ὗμιῦν
1655 1935 1771 1983 ἄπο-

202 2014 311 2083 ὲῖω
338 2058 381 2071 =
405 2040 510 2076 Num.
536 2040 637 2076 xxv
663 2043 692 2076 1.

225 2142 686 2178 ROMSPLELatzonaras
711 2141 727 2175 Ι
751 2152 785 2185 p.
814 2144 854 2175 72

230 2202 244 2233 1
273 2193 388 2235 ταῦθ’
415 2198 472 2233 SE
564 2193 703 2234 *τοῦθ’
727 2194 977 2242 ὑποθέμενος]
1003 2200 1071 2234 τοῦ
1094 2200 1143 2233 19?-
1167 2199 1214 2238 (h.
1241 2208 1271 2232 e.
1297 2201 1404 2240 θεοῦ)
1428 2195 1650 2242 πυθόμενοσ
1674 2200 1704 2234 L

116 2257 135 2290 3
161 2254 225 2291 *δὲ
251 2264 278 2289 s.
303 2254 331 2288 P
468 2254 715 2288 *madianitae
738 2253 809 2288 Lat
945 2258 963 2288 5
990 2251 1290 2300 παραγινόμενοι
1315 2254 1385 2288 ΟΜ
1418 2253 1723 2301 παραγενάμενοι
1742 2256 1772 2291 L

230 2307 470 2357 παρεκάλουν
494 2321 560 2345 om.
588 2310 618 2344 L
732 2309 831 2355 μηδὲ]
857 2305 942 2356 μὴδ’
968 2308 1010 2346 ἐκ
1033 2313 1067 2352 (κ
1092 2320 1183 2345 eras.
1208 2311 1249 2353 P)
1274 2310 1475 2346 MSPLLat
1590 2314 1606 2344 Τ
1633 2311 1710 2354 *αὶ]
1737 2310 1777 2348 οἵ

115 2367 146 2401 L
228 2362 452 2411 *συνῄεσαή
478 2369 734 2400 consenserunt
756 2365 826 2401 Lat
859 2368 1022 2411 συνῆσαν
1048 2366 1191 2411 Cocceji
1269 2369 1286 2402 8
1313 2364 1597 2413 *ἐνδησάμεναι1
1624 2366 1773 2414 ἐνδημη-

117 2419 275 2467 σάμεναι
300 2421 333 2456 R
356 2418 596 2465 ἐνδυσάμεναι
623 2421 651 2456 Ο
785 2417 821 2458 δ’
847 2418 993 2465 αὐτοὶ-ς]
1025 2418 1059 2458 δ’
1086 2420 1220 2459 αὐτοῖσ
1244 2422 1276 2457 R
1307 2434 1412 2458 euan.
1439 2422 1467 2458 O
1493 2423 1529 2460 δὲ
1555 2421 1717 2460 τούτουσ
1741 2424 1772 2459 Ε

231 2481 250 2512 9
276 2478 314 2514 δὲ
338 2477 487 2512 ROSPL
570 2475 699 2523 πολλὴ]
726 2474 822 2524 δεινὴ
846 2478 1045 2515 MSPLLat
1128 2482 1163 2514 11
1193 2474 1424 2515 *α’πολιπεῖν
1449 2478 1476 2513 O
1559 2481 1774 2526 *γαμεταῖσ

117 2533 193 2576 (sic)
218 2534 258 2568 M
342 2536 381 2567 12
406 2532 611 2569 δέσποινασ
633 2532 727 2568 RPL
820 2530 1208 2582 ἄποδειχθησομένασ.
1234 2548 1302 2581 ησο
1330 2546 1422 2571 corr.
1447 2546 1491 2571 ex
1514 2538 1584 2581 ῆνα
1610 2539 1673 2571 aut
1696 2538 1774 2582 ῆνω

118 2588 146 2623 P
246 2591 286 2623 13
311 2585 417 2630 θεὸν]
442 2585 511 2625 τὸν
534 2585 629 2625 θεὸν
652 2589 736 2625 SPL
842 2594 883 2625 14
908 2586 1048 2628 αὕτοὺσ
1072 2591 1223 2627 ROSPL
1249 2588 1409 2627 ὲαυτοὺσ
1433 2591 1472 2626 Μ
1574 2590 1775 2635 ἐλεεινοὺσ,

120 2641 164 2680 οὺ
189 2655 233 2679 ex
257 2647 288 2679 (ῦ
313 2655 404 2679 corr.
430 2644 462 2679 R
485 2642 659 2681 ἐλεεινῶσ
682 2646 721 2681 Μ
814 2649 854 2680 15
880 2647 945 2683 *δὲ
969 2647 999 2682 L
1109 2649 1145 2682 18
1172 2646 1278 2689 νέων]
1305 2650 1465 2683 νεανιῶν
1489 2647 1541 2684 SP
1646 2652 1687 2683 20
1711 2652 1774 2686 καὶ

120 2696 208 2736 κατ’
236 2695 398 2742 οὐδενὸς]
423 2695 511 2736 κατ’
537 2697 693 2738 οὐδενὸσ
718 2703 755 2740 δὲ
780 2703 908 2739 MSPL
1001 2700 1137 2750 πόρον]
1163 2698 1377 2749 ἀποροῦσαι
1402 2703 1454 2739 SP
1480 2699 1719 2751 οἷπορούσαισ
1743 2706 1774 2741 L

121 2759 264 2802 eqentes
286 2756 357 2791 Lat
380 2753 521 2803 ἄποροι
543 2757 705 2794 Bernard
785 2757 921 2796 ἐνθάδε
946 2757 1136 2805 διήκουσαι
1161 2759 1200 2794 Μ
1292 2756 1406 2805 ἡμεῖς]
1432 2755 1517 2804 ὑμῖν
1540 2761 1686 2797 Bekker

124 2814 161 2846 21
190 2809 515 2859 ἐμπορευσάμεναι
541 2813 569 2849 Ο
661 2818 739 2857 τοῦ]
766 2811 832 2861 τὴν
856 2818 923 2851 τοῦ
948 2816 1018 2850 ML
1104 2818 1145 2850 23
1170 2812 1275 2859 ὑμᾶς]
1300 2812 1401 2861 ἡμᾶσ
1424 2816 1487 2852 RO
1580 2818 1778 2862 δεομένοισ

122 2868 249 2904 MSPL
351 2868 590 2915 ἐπείσθημεν]
615 2870 825 2907 aduem‘mus
848 2871 918 2907 Lat
1025 2874 1067 2906 24
1092 2868 1190 2916 ἱ-μᾶσ
1213 2871 1242 2906 L
1352 2875 1392 2906 25
1418 2875 1616 2910 λυπεῖσθαι
1641 2873 1777 2911 ROLat

124 2960 254 2994 λυπεῖσ
271 2957 310 2992 Μ
402 2953 521 3000 αι’·ταὶ]
548 2953 653 2996 αὗται
678 2960 718 2995 Μ
809 2943 908 2999 dign·
933 2972 960 2997 s.
986 2973 1030 2997 m.
1058 2964 1076 2996 2
1104 2961 1132 2997 O
