<?xml version="1.0" encoding="UTF-8"?>
<!DOCTYPE html PUBLIC "-//W3C//DTD XHTML 1.0 Transitional//EN"
    "http://www.w3.org/TR/xhtml1/DTD/xhtml1-transitional.dtd">
<html xmlns="http://www.w3.org/1999/xhtml" xml:lang="en" lang="en">
 <head>
  <title>
</title>
<meta http-equiv="Content-Type" content="text/html;charset=utf-8" />
  <meta name='ocr-system' content='tesseract 3.04.00' />
  <meta name='ocr-capabilities' content='ocr_page ocr_carea ocr_par ocr_line ocrx_word'/>
</head>
<body>
  <div class='ocr_page' id='page_1' title='image "./operajosephus01joseuoft_0096.png"; bbox 0 0 2160 3439; ppageno 0'>
   <div class='ocr_carea' id='block_1_1' title="bbox 321 193 1528 239">
    <p class='ocr_par' dir='ltr' id='par_1_1' title="bbox 321 193 1528 239">
     <span class='ocr_line' id='line_1_1' title="bbox 321 193 1528 239; baseline -0.01 -2"><span class='ocrx_word' id='word_1_1' title='bbox 321 199 343 237; x_wconf 88' lang='grc'><strong>6</strong></span> <span class='ocrx_word' id='word_1_2' title='bbox 773 194 936 239; x_wconf 83' lang='lat' dir='ltr'><em>ANTIQ.</em></span> <span class='ocrx_word' id='word_1_3' title='bbox 960 193 1057 229; x_wconf 83' lang='lat' dir='ltr'><em>IUD.</em></span> <span class='ocrx_word' id='word_1_4' title='bbox 1081 193 1100 228; x_wconf 92' lang='grc' dir='ltr'>Ι</span> <span class='ocrx_word' id='word_1_5' title='bbox 1125 195 1236 229; x_wconf 83' lang='grc'><strong>8-14</strong></span> <span class='ocrx_word' id='word_1_6' title='bbox 1259 194 1432 236; x_wconf 67' lang='grc' dir='ltr'><em>(ΡΒοοΕΜ.</em></span> <span class='ocrx_word' id='word_1_7' title='bbox 1448 197 1477 226; x_wconf 82' lang='lat'><em>2.</em></span> <span class='ocrx_word' id='word_1_8' title='bbox 1497 194 1528 235; x_wconf 85' lang='lat'><em>3)</em></span> 
     </span>
    </p>
   </div>
   <div class='ocr_carea' id='block_1_2' title="bbox 256 302 1990 1446">
    <p class='ocr_par' dir='ltr' id='par_1_2' title="bbox 275 302 1983 770">
     <span class='ocr_line' id='line_1_2' title="bbox 275 302 1981 367; baseline -0.005 -11"><span class='ocrx_word' id='word_1_9' title='bbox 275 316 300 355; x_wconf 85' lang='lat'>9</span> <span class='ocrx_word' id='word_1_10' title='bbox 321 315 394 356; x_wconf 83' lang='grc' dir='ltr'><em>καὶ</em></span> <span class='ocrx_word' id='word_1_11' title='bbox 414 314 675 367; x_wconf 88' lang='grc' dir='ltr'><em>προαίρεσιν</em></span> <span class='ocrx_word' id='word_1_12' title='bbox 697 303 855 363; x_wconf 72' lang='grc' dir='ltr'><em>ἀρετῆς</em></span> <span class='ocrx_word' id='word_1_13' title='bbox 887 302 1216 363; x_wconf 75' lang='grc' dir='ltr'><em>ἀμετακίνητον.</em></span> <span class='ocrx_word' id='word_1_14' title='bbox 1264 303 1407 360; x_wconf 84' lang='grc' dir='ltr'><em>τούτῳ</em></span> <span class='ocrx_word' id='word_1_15' title='bbox 1439 303 1489 361; x_wconf 81' lang='grc' dir='ltr'><em>δὴ</em></span> <span class='ocrx_word' id='word_1_16' title='bbox 1513 303 1787 359; x_wconf 74' lang='grc' dir='ltr'><em>πειθόμενος</em></span> <span class='ocrx_word' id='word_1_17' title='bbox 1808 302 1870 356; x_wconf 80' lang='grc' dir='ltr'><em>ὦς</em></span> <span class='ocrx_word' id='word_1_18' title='bbox 1892 304 1981 348; x_wconf 83' lang='grc' dir='ltr'><em>αἰεὶ</em></span> 
     </span>
     <span class='ocr_line' id='line_1_3' title="bbox 320 367 1983 457; baseline -0.004 -35"><span class='ocrx_word' id='word_1_19' title='bbox 320 388 415 429; x_wconf 89' lang='grc' dir='ltr'><em>τοῖς</em></span> <span class='ocrx_word' id='word_1_20' title='bbox 440 377 653 457; x_wconf 79' lang='grc' dir='ltr'><em>χρήσιμον</em></span> <span class='ocrx_word' id='word_1_21' title='bbox 683 367 710 431; x_wconf 80' lang='grc' dir='ltr'><em>ἢ</em></span> <span class='ocrx_word' id='word_1_22' title='bbox 739 372 872 417; x_wconf 84' lang='grc' dir='ltr'><em>καλόν</em></span> <span class='ocrx_word' id='word_1_23' title='bbox 892 389 936 416; x_wconf 89' lang='grc' dir='ltr'><em>τι</em></span> <span class='ocrx_word' id='word_1_24' title='bbox 956 372 1168 427; x_wconf 89' lang='grc' dir='ltr'><em>πράττειν</em></span> <span class='ocrx_word' id='word_1_25' title='bbox 1191 372 1448 426; x_wconf 80' lang='grc' dir='ltr'><em>δυναμένοις</em></span> <span class='ocrx_word' id='word_1_26' title='bbox 1478 373 1880 430; x_wconf 81' lang='grc' dir='ltr'><em>συμφιλοκαλοῦντι</em></span> <span class='ocrx_word' id='word_1_27' title='bbox 1908 374 1983 416; x_wconf 87' lang='grc' dir='ltr'><em>καὶ</em></span> 
     </span>
     <span class='ocr_line' id='line_1_4' title="bbox 322 432 1981 500; baseline -0.004 -12"><span class='ocrx_word' id='word_1_28' title='bbox 322 443 508 500; x_wconf 75' lang='grc' dir='ltr'><em>ἐμαυτὸν</em></span> <span class='ocrx_word' id='word_1_29' title='bbox 548 440 879 495; x_wconf 83' lang='grc' dir='ltr'><em>αἷσχινόμενος,</em></span> <span class='ocrx_word' id='word_1_30' title='bbox 921 439 960 483; x_wconf 84' lang='grc' dir='ltr'><em>εἷ</em></span> <span class='ocrx_word' id='word_1_31' title='bbox 999 439 1179 494; x_wconf 80' lang='grc' dir='ltr'><em>δόξαιμι</em></span> <span class='ocrx_word' id='word_1_32' title='bbox 1217 440 1421 497; x_wconf 76' lang='grc' dir='ltr'><em>ῥαθυμίᾳ</em></span> <span class='ocrx_word' id='word_1_33' title='bbox 1459 440 1596 482; x_wconf 90' lang='grc' dir='ltr'><em>πλέον</em></span> <span class='ocrx_word' id='word_1_34' title='bbox 1633 432 1660 496; x_wconf 81' lang='grc' dir='ltr'><em>ἢ</em></span> <span class='ocrx_word' id='word_1_35' title='bbox 1697 457 1758 496; x_wconf 84' lang='grc' dir='ltr'><em>τῳ</em></span> <span class='ocrx_word' id='word_1_36' title='bbox 1790 441 1895 496; x_wconf 87' lang='grc' dir='ltr'><em>περὶ</em></span> <span class='ocrx_word' id='word_1_37' title='bbox 1925 439 1981 482; x_wconf 85' lang='grc' dir='ltr'><em>τὰ</em></span> 
     </span>
     <span class='ocr_line' id='line_1_5' title="bbox 320 503 1980 565; baseline -0.002 -11"><span class='ocrx_word' id='word_1_38' title='bbox 320 513 532 555; x_wconf 83' lang='grc' dir='ltr'><em>κάλλιστα</em></span> <span class='ocrx_word' id='word_1_39' title='bbox 566 513 735 565; x_wconf 82' lang='grc' dir='ltr'><em>χαίρειν</em></span> <span class='ocrx_word' id='word_1_40' title='bbox 774 507 919 565; x_wconf 88' lang='grc' dir='ltr'><em>πόνω,</em></span> <span class='ocrx_word' id='word_1_41' title='bbox 960 506 1302 564; x_wconf 84' lang='grc' dir='ltr'><em>προθυμότερον</em></span> <span class='ocrx_word' id='word_1_42' title='bbox 1347 505 1659 564; x_wconf 73' lang='grc' dir='ltr'><em>ἐπερρώσθην,</em></span> <span class='ocrx_word' id='word_1_43' title='bbox 1701 507 1765 551; x_wconf 85' lang='grc' dir='ltr'><em>ε’τι</em></span> <span class='ocrx_word' id='word_1_44' title='bbox 1801 503 1980 552; x_wconf 81' lang='grc' dir='ltr'><em>κᾶκεῖνα</em></span> 
     </span>
     <span class='ocr_line' id='line_1_6' title="bbox 321 551 1982 636; baseline -0.002 -14"><span class='ocrx_word' id='word_1_45' title='bbox 321 578 435 636; x_wconf 86' lang='grc' dir='ltr'><em>πρὸς</em></span> <span class='ocrx_word' id='word_1_46' title='bbox 463 586 558 628; x_wconf 91' lang='grc' dir='ltr'><em>τοῖς</em></span> <span class='ocrx_word' id='word_1_47' title='bbox 589 576 834 634; x_wconf 79' lang='grc' dir='ltr'><em>εἰρημένοις</em></span> <span class='ocrx_word' id='word_1_48' title='bbox 865 551 1153 632; x_wconf 79' lang='grc' dir='ltr'><em>λογισάμενος</em></span> <span class='ocrx_word' id='word_1_49' title='bbox 1185 570 1234 618; x_wconf 82' lang='grc' dir='ltr'><em>οὗ</em></span> <span class='ocrx_word' id='word_1_50' title='bbox 1265 577 1511 631; x_wconf 80' lang='grc' dir='ltr'><em>παρέργως,</em></span> <span class='ocrx_word' id='word_1_51' title='bbox 1542 578 1650 631; x_wconf 91' lang='grc' dir='ltr'><em>περί</em></span> <span class='ocrx_word' id='word_1_52' title='bbox 1678 591 1726 617; x_wconf 92' lang='grc' dir='ltr'><em>τε</em></span> <span class='ocrx_word' id='word_1_53' title='bbox 1755 577 1843 618; x_wconf 80' lang='grc' dir='ltr'><em>τῶν</em></span> <span class='ocrx_word' id='word_1_54' title='bbox 1872 572 1982 632; x_wconf 84' lang='grc' dir='ltr'><em>ἡμε-</em></span> 
     </span>
     <span class='ocr_line' id='line_1_7' title="bbox 319 639 1983 703; baseline -0.002 -14"><span class='ocrx_word' id='word_1_55' title='bbox 319 650 455 703; x_wconf 85' lang='grc' dir='ltr'><em>τέρων</em></span> <span class='ocrx_word' id='word_1_56' title='bbox 485 644 715 702; x_wconf 88' lang='grc' dir='ltr'><em>προγόνων</em></span> <span class='ocrx_word' id='word_1_57' title='bbox 744 643 782 687; x_wconf 82' lang='grc' dir='ltr'><em>εἰ</em></span> <span class='ocrx_word' id='word_1_58' title='bbox 803 642 1091 698; x_wconf 76' lang='grc' dir='ltr'><em>μεταδιδόναι</em></span> <span class='ocrx_word' id='word_1_59' title='bbox 1112 644 1198 686; x_wconf 79' lang='grc' dir='ltr'><em>τῶν</em></span> <span class='ocrx_word' id='word_1_60' title='bbox 1219 641 1433 685; x_wconf 80' lang='grc' dir='ltr'><em>τοιούτων</em></span> <span class='ocrx_word' id='word_1_61' title='bbox 1464 639 1642 699; x_wconf 82' lang='grc' dir='ltr'><em>ἤθελον,</em></span> <span class='ocrx_word' id='word_1_62' title='bbox 1673 643 1747 685; x_wconf 82' lang='grc' dir='ltr'><em>καὶ</em></span> <span class='ocrx_word' id='word_1_63' title='bbox 1768 643 1873 699; x_wconf 86' lang='grc' dir='ltr'><em>περὶ</em></span> <span class='ocrx_word' id='word_1_64' title='bbox 1894 644 1983 686; x_wconf 78' lang='grc' dir='ltr'><em>τῶν</em></span> 
     </span>
     <span class='ocr_line' id='line_1_8' title="bbox 316 705 1804 770; baseline -0.003 -13"><span class='ocrx_word' id='word_1_65' title='bbox 316 712 526 770; x_wconf 82' lang='grc' dir='ltr'><em>Ἑλλήνων</em></span> <span class='ocrx_word' id='word_1_66' title='bbox 559 712 602 755; x_wconf 78' lang='grc' dir='ltr'><em>εἴ</em></span> <span class='ocrx_word' id='word_1_67' title='bbox 627 728 742 763; x_wconf 90' lang='grc' dir='ltr'><em>τινες</em></span> <span class='ocrx_word' id='word_1_68' title='bbox 774 707 918 754; x_wconf 78' lang='grc' dir='ltr'><em>αὐτῶν</em></span> <span class='ocrx_word' id='word_1_69' title='bbox 947 713 1109 767; x_wconf 87' lang='grc' dir='ltr'><em>γνιῦναι</em></span> <span class='ocrx_word' id='word_1_70' title='bbox 1139 708 1194 752; x_wconf 82' lang='grc' dir='ltr'><em>τὰ</em></span> <span class='ocrx_word' id='word_1_71' title='bbox 1225 705 1336 766; x_wconf 73' lang='grc' dir='ltr'><em>παρ’</em></span> <span class='ocrx_word' id='word_1_72' title='bbox 1370 706 1475 766; x_wconf 85' lang='grc' dir='ltr'><em>ἡμῖν</em></span> <span class='ocrx_word' id='word_1_73' title='bbox 1507 708 1804 752; x_wconf 76' lang='grc' dir='ltr'><em>ἐσπούδασαν.</em></span> 
     </span>
    </p>

    <p class='ocr_par' dir='ltr' id='par_1_3' title="bbox 257 772 1985 974">
     <span class='ocr_line' id='line_1_9' title="bbox 257 772 1981 836; baseline -0.004 -10"><span class='ocrx_word' id='word_1_74' title='bbox 257 787 306 826; x_wconf 88' lang='grc'><em>10</em></span> <span class='ocrx_word' id='word_1_75' title='bbox 438 785 475 824; x_wconf 87' lang='grc'><em>3.</em></span> <span class='ocrx_word' id='word_1_76' title='bbox 527 776 666 836; x_wconf 77' lang='grc' dir='ltr'><em>Εὗρον</em></span> <span class='ocrx_word' id='word_1_77' title='bbox 696 783 854 832; x_wconf 86' lang='grc' dir='ltr'><em>τοίνυν,</em></span> <span class='ocrx_word' id='word_1_78' title='bbox 887 774 955 823; x_wconf 74' lang='grc' dir='ltr'><em>ὅτι</em></span> <span class='ocrx_word' id='word_1_79' title='bbox 981 779 1276 832; x_wconf 87' lang='grc' dir='ltr'><em>Πτολεμαίων</em></span> <span class='ocrx_word' id='word_1_80' title='bbox 1306 776 1385 832; x_wconf 81' lang='grc' dir='ltr'><em>μὲν</em></span> <span class='ocrx_word' id='word_1_81' title='bbox 1415 774 1438 820; x_wconf 85' lang='lat'><em>0‘</em></span> <span class='ocrx_word' id='word_1_82' title='bbox 1473 775 1674 831; x_wconf 82' lang='grc' dir='ltr'><em>δεύτερος</em></span> <span class='ocrx_word' id='word_1_83' title='bbox 1703 772 1898 830; x_wconf 91' lang='grc' dir='ltr'><em>μάλιστα</em></span> <span class='ocrx_word' id='word_1_84' title='bbox 1931 775 1981 834; x_wconf 90' lang='grc' dir='ltr'><em>δὴ</em></span> 
     </span>
     <span class='ocr_line' id='line_1_10' title="bbox 319 843 1985 904; baseline -0.003 -13"><span class='ocrx_word' id='word_1_85' title='bbox 319 847 525 904; x_wconf 79' lang='grc' dir='ltr'><em>βασιλεὺς</em></span> <span class='ocrx_word' id='word_1_86' title='bbox 555 849 661 902; x_wconf 89' lang='grc' dir='ltr'><em>περὶ</em></span> <span class='ocrx_word' id='word_1_87' title='bbox 691 847 901 890; x_wconf 86' lang='grc' dir='ltr'><em>παιδείαν</em></span> <span class='ocrx_word' id='word_1_88' title='bbox 942 848 1014 889; x_wconf 83' lang='grc' dir='ltr'><em>καὶ</em></span> <span class='ocrx_word' id='word_1_89' title='bbox 1053 846 1240 901; x_wconf 75' lang='grc' dir='ltr'><em>βιβλίων</em></span> <span class='ocrx_word' id='word_1_90' title='bbox 1282 843 1534 901; x_wconf 79' lang='grc' dir='ltr'><em>συναγωγὴν</em></span> <span class='ocrx_word' id='word_1_91' title='bbox 1574 843 1835 895; x_wconf 84' lang='grc' dir='ltr'><em>σπουδάσας</em></span> <span class='ocrx_word' id='word_1_92' title='bbox 1865 843 1985 895; x_wconf 75' lang='grc' dir='ltr'><em>ἐξαι-</em></span> 
     </span>
     <span class='ocr_line' id='line_1_11' title="bbox 323 907 1983 974; baseline -0.003 -15"><span class='ocrx_word' id='word_1_93' title='bbox 323 920 458 974; x_wconf 85' lang='grc' dir='ltr'><em>ρέτως</em></span> <span class='ocrx_word' id='word_1_94' title='bbox 488 914 788 973; x_wconf 71' lang='grc' dir='ltr'><em>ἐφιλοτιμήθη</em></span> <span class='ocrx_word' id='word_1_95' title='bbox 820 913 898 958; x_wconf 82' lang='grc' dir='ltr'><em>τὸν</em></span> <span class='ocrx_word' id='word_1_96' title='bbox 918 911 1129 971; x_wconf 86' lang='grc' dir='ltr'><em>ηιιέτερον</em></span> <span class='ocrx_word' id='word_1_97' title='bbox 1152 912 1285 967; x_wconf 91' lang='grc' dir='ltr'><em>νόμον</em></span> <span class='ocrx_word' id='word_1_98' title='bbox 1306 913 1379 954; x_wconf 85' lang='grc' dir='ltr'><em>καὶ</em></span> <span class='ocrx_word' id='word_1_99' title='bbox 1400 929 1480 968; x_wconf 88' lang='grc' dir='ltr'><em>την</em></span> <span class='ocrx_word' id='word_1_100' title='bbox 1499 928 1580 954; x_wconf 80' lang='grc' dir='ltr'><em>κατ</em></span> <span class='ocrx_word' id='word_1_101' title='bbox 1625 907 1761 954; x_wconf 74' lang='grc' dir='ltr'><em>αὐτὸν</em></span> <span class='ocrx_word' id='word_1_102' title='bbox 1783 910 1983 962; x_wconf 82' lang='grc' dir='ltr'><em>διάταξιν</em></span> 
     </span>
    </p>

    <p class='ocr_par' dir='ltr' id='par_1_4' title="bbox 257 973 1987 1241">
     <span class='ocr_line' id='line_1_12' title="bbox 257 973 1980 1040; baseline -0.004 -12"><span class='ocrx_word' id='word_1_103' title='bbox 257 990 302 1028; x_wconf 89' lang='grc'><em>11</em></span> <span class='ocrx_word' id='word_1_104' title='bbox 323 986 401 1040; x_wconf 77' lang='grc' dir='ltr'><em>τῆς</em></span> <span class='ocrx_word' id='word_1_105' title='bbox 430 983 661 1033; x_wconf 83' lang='grc' dir='ltr'><em>πολιτείας</em></span> <span class='ocrx_word' id='word_1_106' title='bbox 692 997 755 1032; x_wconf 89' lang='grc' dir='ltr'><em>εις</em></span> <span class='ocrx_word' id='word_1_107' title='bbox 782 980 861 1039; x_wconf 87' lang='grc' dir='ltr'><em>τὴν</em></span> <span class='ocrx_word' id='word_1_108' title='bbox 888 979 1071 1025; x_wconf 87' lang='grc' dir='ltr'><em>Ἑλλάδα</em></span> <span class='ocrx_word' id='word_1_109' title='bbox 1102 979 1253 1039; x_wconf 63' lang='grc' dir='ltr'><em>φωνην</em></span> <span class='ocrx_word' id='word_1_110' title='bbox 1283 976 1632 1035; x_wconf 80' lang='grc' dir='ltr'><em>μεταβαλεῖν,δ</em></span> <span class='ocrx_word' id='word_1_111' title='bbox 1672 979 1719 1022; x_wconf 84' lang='grc' dir='ltr'><em>δὲ</em></span> <span class='ocrx_word' id='word_1_112' title='bbox 1749 981 1837 1022; x_wconf 79' lang='grc' dir='ltr'><em>τῶν</em></span> <span class='ocrx_word' id='word_1_113' title='bbox 1867 973 1980 1036; x_wconf 73' lang='grc' dir='ltr'><em>παρ’</em></span> 
     </span>
     <span class='ocr_line' id='line_1_13' title="bbox 319 1043 1985 1107; baseline -0.002 -15"><span class='ocrx_word' id='word_1_114' title='bbox 319 1048 424 1107; x_wconf 68' lang='grc' dir='ltr'><em>ἡμῖν</em></span> <span class='ocrx_word' id='word_1_115' title='bbox 455 1046 690 1106; x_wconf 87' lang='grc' dir='ltr'><em>αρχιερέων</em></span> <span class='ocrx_word' id='word_1_116' title='bbox 721 1044 900 1100; x_wconf 74' lang='grc' dir='ltr'><em>οὐδενὸς</em></span> <span class='ocrx_word' id='word_1_117' title='bbox 933 1045 1065 1106; x_wconf 74' lang='grc' dir='ltr'><em>άρετῆ</em></span> <span class='ocrx_word' id='word_1_118' title='bbox 1097 1049 1297 1104; x_wconf 75' lang='grc' dir='ltr'><em>δεύτερος</em></span> <span class='ocrx_word' id='word_1_119' title='bbox 1314 1043 1565 1103; x_wconf 70' lang='grc' dir='ltr'><em>’.Ελεάζαρος</em></span> <span class='ocrx_word' id='word_1_120' title='bbox 1592 1049 1656 1103; x_wconf 81' lang='grc' dir='ltr'><em>τιῦ</em></span> <span class='ocrx_word' id='word_1_121' title='bbox 1677 1049 1985 1104; x_wconf 87' lang='grc' dir='ltr'><em>προειρημένω</em></span> 
     </span>
     <span class='ocr_line' id='line_1_14' title="bbox 318 1111 1987 1175; baseline -0.002 -15"><span class='ocrx_word' id='word_1_122' title='bbox 318 1119 495 1173; x_wconf 85' lang='grc' dir='ltr'><em>βασιλεῖ</em></span> <span class='ocrx_word' id='word_1_123' title='bbox 531 1113 692 1175; x_wconf 80' lang='grc' dir='ltr'><em>ταύτης</em></span> <span class='ocrx_word' id='word_1_124' title='bbox 731 1113 988 1160; x_wconf 76' lang='grc' dir='ltr'><em>ἀπολαῦσαι</em></span> <span class='ocrx_word' id='word_1_125' title='bbox 1030 1133 1108 1174; x_wconf 90' lang='grc' dir='ltr'><em>της</em></span> <span class='ocrx_word' id='word_1_126' title='bbox 1147 1112 1368 1174; x_wconf 80' lang='grc' dir='ltr'><em>ὠφελείας</em></span> <span class='ocrx_word' id='word_1_127' title='bbox 1414 1111 1489 1158; x_wconf 75' lang='grc' dir='ltr'><em>οὐκ</em></span> <span class='ocrx_word' id='word_1_128' title='bbox 1535 1113 1762 1173; x_wconf 74' lang='grc' dir='ltr'><em>ἐφθόνησε</em></span> <span class='ocrx_word' id='word_1_129' title='bbox 1806 1114 1987 1164; x_wconf 91' lang='grc' dir='ltr'><em>πάντως</em></span> 
     </span>
     <span class='ocr_line' id='line_1_15' title="bbox 321 1175 1986 1241; baseline -0.002 -12"><span class='ocrx_word' id='word_1_130' title='bbox 321 1182 542 1229; x_wconf 78' lang='grc' dir='ltr'><em>άντειπων</em></span> <span class='ocrx_word' id='word_1_131' title='bbox 581 1204 656 1238; x_wconf 90' lang='grc' dir='ltr'><em>αν,</em></span> <span class='ocrx_word' id='word_1_132' title='bbox 700 1184 738 1228; x_wconf 81' lang='grc' dir='ltr'><em>εἰ</em></span> <span class='ocrx_word' id='word_1_133' title='bbox 777 1202 835 1241; x_wconf 87' lang='grc' dir='ltr'><em>μη</em></span> <span class='ocrx_word' id='word_1_134' title='bbox 879 1180 1070 1240; x_wconf 90' lang='grc' dir='ltr'><em>πάτριον</em></span> <span class='ocrx_word' id='word_1_135' title='bbox 1108 1175 1161 1241; x_wconf 71' lang='grc' dir='ltr'><em>ἧν</em></span> <span class='ocrx_word' id='word_1_136' title='bbox 1199 1182 1303 1241; x_wconf 74' lang='grc' dir='ltr'><em>ἡμῖν</em></span> <span class='ocrx_word' id='word_1_137' title='bbox 1333 1182 1382 1226; x_wconf 86' lang='grc' dir='ltr'><em>τὸ</em></span> <span class='ocrx_word' id='word_1_138' title='bbox 1416 1183 1594 1240; x_wconf 78' lang='grc' dir='ltr'><em>μηδὲν’</em></span> <span class='ocrx_word' id='word_1_139' title='bbox 1582 1182 1693 1237; x_wconf 89' lang='grc' dir='ltr'><em>έχειν</em></span> <span class='ocrx_word' id='word_1_140' title='bbox 1723 1184 1812 1225; x_wconf 79' lang='grc' dir='ltr'><em>τῶν</em></span> <span class='ocrx_word' id='word_1_141' title='bbox 1841 1183 1986 1226; x_wconf 82' lang='grc' dir='ltr'><em>καλῶν</em></span> 
     </span>
    </p>

    <p class='ocr_par' dir='ltr' id='par_1_5' title="bbox 256 1246 1990 1446">
     <span class='ocr_line' id='line_1_16' title="bbox 256 1246 1990 1311; baseline -0.003 -13"><span class='ocrx_word' id='word_1_142' title='bbox 256 1259 306 1299; x_wconf 83' lang='grc'><strong>12</strong></span> <span class='ocrx_word' id='word_1_143' title='bbox 325 1250 592 1311; x_wconf 73' lang='grc' dir='ltr'><em>ἀπόρρητον.</em></span> <span class='ocrx_word' id='word_1_144' title='bbox 650 1248 859 1309; x_wconf 82' lang='grc' dir='ltr'><em>κᾶμαυτιῦ</em></span> <span class='ocrx_word' id='word_1_145' title='bbox 899 1251 949 1310; x_wconf 87' lang='grc' dir='ltr'><em>δη</em></span> <span class='ocrx_word' id='word_1_146' title='bbox 992 1255 1182 1307; x_wconf 83' lang='grc' dir='ltr'><em>πρέπειν</em></span> <span class='ocrx_word' id='word_1_147' title='bbox 1214 1251 1398 1306; x_wconf 86' lang='grc' dir='ltr'><em>ενόμισα</em></span> <span class='ocrx_word' id='word_1_148' title='bbox 1435 1250 1484 1294; x_wconf 83' lang='grc' dir='ltr'><em>τὸ</em></span> <span class='ocrx_word' id='word_1_149' title='bbox 1517 1250 1596 1305; x_wconf 81' lang='grc' dir='ltr'><em>μὲν</em></span> <span class='ocrx_word' id='word_1_150' title='bbox 1633 1253 1713 1293; x_wconf 83' lang='grc' dir='ltr'><em>τοῦ</em></span> <span class='ocrx_word' id='word_1_151' title='bbox 1755 1246 1990 1306; x_wconf 73' lang='grc' dir='ltr'><em>ἀρχιερέως</em></span> 
     </span>
     <span class='ocr_line' id='line_1_17' title="bbox 320 1315 1989 1379; baseline -0.002 -15"><span class='ocrx_word' id='word_1_152' title='bbox 320 1321 609 1379; x_wconf 79' lang='grc' dir='ltr'><em>μιμήσασθαι</em></span> <span class='ocrx_word' id='word_1_153' title='bbox 629 1320 950 1377; x_wconf 73' lang='grc' dir='ltr'><em>μεγαλόψυχον,</em></span> <span class='ocrx_word' id='word_1_154' title='bbox 982 1322 1046 1376; x_wconf 76' lang='grc' dir='ltr'><em>τῷ</em></span> <span class='ocrx_word' id='word_1_155' title='bbox 1065 1321 1243 1375; x_wconf 75' lang='grc' dir='ltr'><em>βασιλεῖ</em></span> <span class='ocrx_word' id='word_1_156' title='bbox 1273 1319 1319 1362; x_wconf 85' lang='grc' dir='ltr'><em>δὲ</em></span> <span class='ocrx_word' id='word_1_157' title='bbox 1341 1317 1535 1369; x_wconf 67' lang='grc' dir='ltr'><em>πολλοὺς</em></span> <span class='ocrx_word' id='word_1_158' title='bbox 1555 1315 1723 1373; x_wconf 82' lang='grc' dir='ltr'><em>ὁμοίως</em></span> <span class='ocrx_word' id='word_1_159' title='bbox 1745 1315 1989 1373; x_wconf 74' lang='grc' dir='ltr'><em>ὗπολαβεῖν</em></span> 
     </span>
     <span class='ocr_line' id='line_1_18' title="bbox 320 1385 1990 1446; baseline -0.002 -14"><span class='ocrx_word' id='word_1_160' title='bbox 320 1391 393 1432; x_wconf 83' lang='grc' dir='ltr'><em>καὶ</em></span> <span class='ocrx_word' id='word_1_161' title='bbox 433 1391 506 1432; x_wconf 80' lang='grc' dir='ltr'><em>νῦν</em></span> <span class='ocrx_word' id='word_1_162' title='bbox 538 1387 652 1433; x_wconf 85' lang='grc' dir='ltr'><em>εἶναι</em></span> <span class='ocrx_word' id='word_1_163' title='bbox 692 1390 988 1446; x_wconf 83' lang='grc' dir='ltr'><em>φιλομαθεῖς·</em></span> <span class='ocrx_word' id='word_1_164' title='bbox 1029 1387 1129 1431; x_wconf 83' lang='grc' dir='ltr'><em>οὐδὲ</em></span> <span class='ocrx_word' id='word_1_165' title='bbox 1160 1386 1242 1444; x_wconf 84' lang='grc' dir='ltr'><em>γὰρ</em></span> <span class='ocrx_word' id='word_1_166' title='bbox 1282 1389 1434 1429; x_wconf 86' lang='grc' dir='ltr'><em>πᾶσαν</em></span> <span class='ocrx_word' id='word_1_167' title='bbox 1474 1385 1636 1436; x_wconf 77' lang='grc' dir='ltr'><em>ἐκεῖνος</em></span> <span class='ocrx_word' id='word_1_168' title='bbox 1677 1385 1799 1444; x_wconf 73' lang='grc' dir='ltr'><em>ἔφθη</em></span> <span class='ocrx_word' id='word_1_169' title='bbox 1838 1385 1990 1440; x_wconf 81' lang='grc' dir='ltr'><em>λαβεῖν</em></span> 
     </span>
    </p>
   </div>
   <div class='ocr_carea' id='block_1_3' title="bbox 2013 920 2051 954">
    <p class='ocr_par' dir='ltr' id='par_1_6' title="bbox 2013 920 2051 954">
     <span class='ocr_line' id='line_1_19' title="bbox 2013 920 2051 954; baseline 0 0"><span class='ocrx_word' id='word_1_170' title='bbox 2013 920 2051 954; x_wconf 90' lang='grc'><em>10</em></span> 
     </span>
    </p>
   </div>
   <div class='ocr_carea' id='block_1_4' title="bbox 2019 1258 2056 1291">
    <p class='ocr_par' dir='ltr' id='par_1_7' title="bbox 2019 1258 2056 1291">
     <span class='ocr_line' id='line_1_20' title="bbox 2019 1258 2056 1291; baseline 0 0"><span class='ocrx_word' id='word_1_171' title='bbox 2019 1258 2056 1291; x_wconf 88' lang='grc'><em>15</em></span> 
     </span>
    </p>
   </div>
   <div class='ocr_carea' id='block_1_5' title="bbox 324 1452 2037 1515">
    <p class='ocr_par' dir='ltr' id='par_1_8' title="bbox 324 1452 2037 1515">
     <span class='ocr_line' id='line_1_21' title="bbox 324 1452 2037 1515; baseline -0.003 -16"><span class='ocrx_word' id='word_1_172' title='bbox 324 1456 402 1514; x_wconf 81' lang='grc' dir='ltr'><em>τὴν</em></span> <span class='ocrx_word' id='word_1_173' title='bbox 433 1453 705 1515; x_wconf 74' lang='grc' dir='ltr'><em>ἀναγραφήν,</em></span> <span class='ocrx_word' id='word_1_174' title='bbox 739 1452 851 1499; x_wconf 78' lang='grc' dir='ltr'><em>ἀλλὰ</em></span> <span class='ocrx_word' id='word_1_175' title='bbox 881 1455 997 1510; x_wconf 90' lang='grc' dir='ltr'><em>μόνα</em></span> <span class='ocrx_word' id='word_1_176' title='bbox 1026 1454 1082 1498; x_wconf 81' lang='grc' dir='ltr'><em>τὰ</em></span> <span class='ocrx_word' id='word_1_177' title='bbox 1113 1458 1190 1499; x_wconf 86' lang='grc' dir='ltr'><em>τοῦ</em></span> <span class='ocrx_word' id='word_1_178' title='bbox 1222 1454 1358 1509; x_wconf 84' lang='grc' dir='ltr'><em>νόμου</em></span> <span class='ocrx_word' id='word_1_179' title='bbox 1390 1453 1646 1508; x_wconf 91' lang='grc' dir='ltr'><em>παρέδοσαν</em></span> <span class='ocrx_word' id='word_1_180' title='bbox 1677 1453 1720 1496; x_wconf 82' lang='grc' dir='ltr'><em>οἱ</em></span> <span class='ocrx_word' id='word_1_181' title='bbox 1750 1455 1990 1510; x_wconf 81' lang='grc' dir='ltr'><em>πεμφθέν-</em></span> <span class='ocrx_word' id='word_1_182' title='bbox 2032 1489 2037 1493; x_wconf 87' lang='grc'>.</span> 
     </span>
    </p>
   </div>
   <div class='ocr_carea' id='block_1_6' title="bbox 257 1517 1992 2056">
    <p class='ocr_par' dir='ltr' id='par_1_9' title="bbox 257 1517 1991 1785">
     <span class='ocr_line' id='line_1_22' title="bbox 257 1517 1991 1582; baseline -0.003 -13"><span class='ocrx_word' id='word_1_183' title='bbox 257 1529 305 1569; x_wconf 87' lang='grc'><em>13</em></span> <span class='ocrx_word' id='word_1_184' title='bbox 323 1542 394 1576; x_wconf 86' lang='grc' dir='ltr'><em>τες</em></span> <span class='ocrx_word' id='word_1_185' title='bbox 425 1525 501 1568; x_wconf 75' lang='grc' dir='ltr'><em>ἐπὶ</em></span> <span class='ocrx_word' id='word_1_186' title='bbox 530 1525 610 1581; x_wconf 88' lang='grc' dir='ltr'><em>τὴν</em></span> <span class='ocrx_word' id='word_1_187' title='bbox 642 1524 841 1582; x_wconf 71' lang='grc' dir='ltr'><em>ἐξήγησιν</em></span> <span class='ocrx_word' id='word_1_188' title='bbox 874 1523 936 1575; x_wconf 84' lang='grc' dir='ltr'><em>εἷς</em></span> <span class='ocrx_word' id='word_1_189' title='bbox 965 1523 1043 1580; x_wconf 78' lang='grc' dir='ltr'><em>τὴν</em></span> <span class='ocrx_word' id='word_1_190' title='bbox 1063 1519 1418 1577; x_wconf 76' lang='grc' dir='ltr'><em>Ἀλεξάνδρειαν·</em></span> <span class='ocrx_word' id='word_1_191' title='bbox 1458 1525 1595 1577; x_wconf 80' lang='grc' dir='ltr'><em>μυρία</em></span> <span class='ocrx_word' id='word_1_192' title='bbox 1625 1517 1665 1563; x_wconf 73' lang='grc' dir='ltr'><em>δ’</em></span> <span class='ocrx_word' id='word_1_193' title='bbox 1701 1519 1795 1564; x_wconf 77' lang='grc' dir='ltr'><em>ἐστὶ</em></span> <span class='ocrx_word' id='word_1_194' title='bbox 1825 1519 1881 1563; x_wconf 82' lang='grc' dir='ltr'><em>τὰ</em></span> <span class='ocrx_word' id='word_1_195' title='bbox 1912 1520 1991 1577; x_wconf 90' lang='grc' dir='ltr'><em>δη-</em></span> 
     </span>
     <span class='ocr_line' id='line_1_23' title="bbox 323 1585 1990 1648; baseline -0.003 -13"><span class='ocrx_word' id='word_1_196' title='bbox 323 1593 511 1648; x_wconf 80' lang='grc' dir='ltr'><em>λούμενα</em></span> <span class='ocrx_word' id='word_1_197' title='bbox 543 1592 617 1636; x_wconf 82' lang='grc' dir='ltr'><em>διὰ</em></span> <span class='ocrx_word' id='word_1_198' title='bbox 655 1595 741 1635; x_wconf 89' lang='grc' dir='ltr'><em>τιῦν</em></span> <span class='ocrx_word' id='word_1_199' title='bbox 783 1592 911 1645; x_wconf 79' lang='grc' dir='ltr'><em>ἱερῶν</em></span> <span class='ocrx_word' id='word_1_200' title='bbox 951 1591 1240 1647; x_wconf 85' lang='grc' dir='ltr'><em>γραμμάτων,</em></span> <span class='ocrx_word' id='word_1_201' title='bbox 1283 1585 1359 1632; x_wconf 69' lang='grc' dir='ltr'><em>ὅτε</em></span> <span class='ocrx_word' id='word_1_202' title='bbox 1392 1588 1442 1646; x_wconf 77' lang='grc' dir='ltr'><em>δὴ</em></span> <span class='ocrx_word' id='word_1_203' title='bbox 1476 1589 1843 1642; x_wconf 82' lang='grc' dir='ltr'><em>πεντακισχιλίων</em></span> <span class='ocrx_word' id='word_1_204' title='bbox 1881 1586 1990 1631; x_wconf 79' lang='grc' dir='ltr'><em>ἒτιῦν</em></span> 
     </span>
     <span class='ocr_line' id='line_1_24' title="bbox 325 1654 1990 1716; baseline -0.004 -12"><span class='ocrx_word' id='word_1_205' title='bbox 325 1662 522 1716; x_wconf 83' lang='grc' dir='ltr'><em>ἱστορίας</em></span> <span class='ocrx_word' id='word_1_206' title='bbox 555 1659 598 1703; x_wconf 79' lang='grc' dir='ltr'><em>ἐν</em></span> <span class='ocrx_word' id='word_1_207' title='bbox 631 1655 779 1709; x_wconf 74' lang='grc' dir='ltr'><em>αὐτοῖς</em></span> <span class='ocrx_word' id='word_1_208' title='bbox 812 1658 1249 1715; x_wconf 53' lang='grc' dir='ltr'><em>ἐμπεριειλημμένης,</em></span> <span class='ocrx_word' id='word_1_209' title='bbox 1281 1659 1352 1700; x_wconf 83' lang='grc' dir='ltr'><em>καὶ</em></span> <span class='ocrx_word' id='word_1_210' title='bbox 1376 1666 1590 1700; x_wconf 90' lang='grc' dir='ltr'><em>παντοῖαι</em></span> <span class='ocrx_word' id='word_1_211' title='bbox 1611 1659 1691 1711; x_wconf 89' lang='grc' dir='ltr'><em>μέν</em></span> <span class='ocrx_word' id='word_1_212' title='bbox 1723 1655 1811 1699; x_wconf 84' lang='grc' dir='ltr'><em>εἰσι</em></span> <span class='ocrx_word' id='word_1_213' title='bbox 1840 1654 1990 1712; x_wconf 86' lang='grc' dir='ltr'><em>παρά-</em></span> 
     </span>
     <span class='ocr_line' id='line_1_25' title="bbox 323 1718 1991 1785; baseline -0.003 -13"><span class='ocrx_word' id='word_1_214' title='bbox 323 1730 446 1785; x_wconf 85' lang='grc' dir='ltr'><em>λογοι</em></span> <span class='ocrx_word' id='word_1_215' title='bbox 483 1731 789 1784; x_wconf 84' lang='grc' dir='ltr'><em>περιπέτειαι,</em></span> <span class='ocrx_word' id='word_1_216' title='bbox 830 1728 995 1769; x_wconf 79' lang='grc' dir='ltr'><em>πολλαὶ</em></span> <span class='ocrx_word' id='word_1_217' title='bbox 1037 1726 1083 1768; x_wconf 88' lang='grc' dir='ltr'><em>δε</em></span> <span class='ocrx_word' id='word_1_218' title='bbox 1113 1726 1240 1780; x_wconf 76' lang='grc' dir='ltr'><em>τύχαι</em></span> <span class='ocrx_word' id='word_1_219' title='bbox 1278 1726 1485 1779; x_wconf 79' lang='grc' dir='ltr'><em>πολέμων</em></span> <span class='ocrx_word' id='word_1_220' title='bbox 1523 1726 1594 1767; x_wconf 81' lang='grc' dir='ltr'><em>καὶ</em></span> <span class='ocrx_word' id='word_1_221' title='bbox 1629 1725 1882 1781; x_wconf 80' lang='grc' dir='ltr'><em>στρατηγῶν</em></span> <span class='ocrx_word' id='word_1_222' title='bbox 1914 1718 1991 1767; x_wconf 80' lang='grc' dir='ltr'><em>ἆν-</em></span> 
     </span>
    </p>

    <p class='ocr_par' dir='ltr' id='par_1_10' title="bbox 260 1789 1992 2056">
     <span class='ocr_line' id='line_1_26' title="bbox 260 1789 1991 1853; baseline -0.004 -14"><span class='ocrx_word' id='word_1_223' title='bbox 260 1801 308 1839; x_wconf 86' lang='grc'><strong>14</strong></span> <span class='ocrx_word' id='word_1_224' title='bbox 328 1797 572 1853; x_wconf 84' lang='grc' dir='ltr'><em>δραγαθιαι</em></span> <span class='ocrx_word' id='word_1_225' title='bbox 602 1797 675 1838; x_wconf 82' lang='grc' dir='ltr'><em>καὶ</em></span> <span class='ocrx_word' id='word_1_226' title='bbox 705 1794 1040 1849; x_wconf 80' lang='grc' dir='ltr'><em>πολιτειμάτων</em></span> <span class='ocrx_word' id='word_1_227' title='bbox 1079 1794 1335 1847; x_wconf 74' lang='grc' dir='ltr'><em>μεταβολαί.</em></span> <span class='ocrx_word' id='word_1_228' title='bbox 1394 1791 1443 1835; x_wconf 87' lang='grc' dir='ltr'><em>τὸ</em></span> <span class='ocrx_word' id='word_1_229' title='bbox 1486 1791 1669 1834; x_wconf 77' lang='grc' dir='ltr'><em>σύνολον</em></span> <span class='ocrx_word' id='word_1_230' title='bbox 1709 1791 1756 1833; x_wconf 81' lang='grc' dir='ltr'><em>δὲ</em></span> <span class='ocrx_word' id='word_1_231' title='bbox 1796 1789 1991 1845; x_wconf 89' lang='grc' dir='ltr'><em>μάλιστά</em></span> 
     </span>
     <span class='ocr_line' id='line_1_27' title="bbox 323 1852 1992 1920; baseline -0.004 -14"><span class='ocrx_word' id='word_1_232' title='bbox 323 1881 391 1915; x_wconf 89' lang='grc' dir='ltr'><em>τις</em></span> <span class='ocrx_word' id='word_1_233' title='bbox 423 1857 475 1907; x_wconf 80' lang='grc' dir='ltr'><em>άν</em></span> <span class='ocrx_word' id='word_1_234' title='bbox 507 1862 551 1906; x_wconf 76' lang='grc' dir='ltr'><em>ἐκ</em></span> <span class='ocrx_word' id='word_1_235' title='bbox 579 1862 740 1920; x_wconf 74' lang='grc' dir='ltr'><em>ταύτης</em></span> <span class='ocrx_word' id='word_1_236' title='bbox 768 1862 914 1916; x_wconf 89' lang='grc' dir='ltr'><em>μάθοι</em></span> <span class='ocrx_word' id='word_1_237' title='bbox 943 1863 1020 1917; x_wconf 79' lang='grc' dir='ltr'><em>τῆς</em></span> <span class='ocrx_word' id='word_1_238' title='bbox 1044 1861 1241 1917; x_wconf 82' lang='grc' dir='ltr'><em>ἱστορίας</em></span> <span class='ocrx_word' id='word_1_239' title='bbox 1264 1858 1483 1916; x_wconf 78' lang='grc' dir='ltr'><em>ἐθελησας</em></span> <span class='ocrx_word' id='word_1_240' title='bbox 1514 1855 1646 1916; x_wconf 69' lang='grc' dir='ltr'><em>αιτην</em></span> <span class='ocrx_word' id='word_1_241' title='bbox 1680 1859 1889 1910; x_wconf 84' lang='grc' dir='ltr'><em>διελθεῖι,</em></span> <span class='ocrx_word' id='word_1_242' title='bbox 1921 1852 1992 1900; x_wconf 88' lang='grc' dir='ltr'><em>ότι</em></span> 
     </span>
     <span class='ocr_line' id='line_1_28' title="bbox 324 1926 1990 1987; baseline -0.004 -12"><span class='ocrx_word' id='word_1_243' title='bbox 324 1940 418 1982; x_wconf 89' lang='grc' dir='ltr'><em>τοῖς</em></span> <span class='ocrx_word' id='word_1_244' title='bbox 448 1931 526 1986; x_wconf 81' lang='grc' dir='ltr'><em>μὲν</em></span> <span class='ocrx_word' id='word_1_245' title='bbox 547 1933 659 1974; x_wconf 83' lang='grc' dir='ltr'><em>θεοῦ</em></span> <span class='ocrx_word' id='word_1_246' title='bbox 688 1930 835 1987; x_wconf 71' lang='grc' dir='ltr'><em>γνώμῃ</em></span> <span class='ocrx_word' id='word_1_247' title='bbox 869 1930 1250 1973; x_wconf 80' lang='grc' dir='ltr'><em>κατακολοιθοῦσι</em></span> <span class='ocrx_word' id='word_1_248' title='bbox 1271 1929 1340 1970; x_wconf 83' lang='grc' dir='ltr'><em>καὶ</em></span> <span class='ocrx_word' id='word_1_249' title='bbox 1372 1926 1427 1969; x_wconf 79' lang='grc' dir='ltr'><em>τὰ</em></span> <span class='ocrx_word' id='word_1_250' title='bbox 1450 1927 1594 1976; x_wconf 78' lang='grc' dir='ltr'><em>καλῶς</em></span> <span class='ocrx_word' id='word_1_251' title='bbox 1624 1928 1990 1983; x_wconf 85' lang='grc' dir='ltr'><em>νομοθετηθέντα</em></span> 
     </span>
     <span class='ocr_line' id='line_1_29' title="bbox 325 1993 1990 2056; baseline -0.004 -16"><span class='ocrx_word' id='word_1_252' title='bbox 325 1998 382 2056; x_wconf 82' lang='grc' dir='ltr'><em>μὴ</em></span> <span class='ocrx_word' id='word_1_253' title='bbox 424 2000 622 2054; x_wconf 84' lang='grc' dir='ltr'><em>τολμιῦσι</em></span> <span class='ocrx_word' id='word_1_254' title='bbox 663 2002 959 2054; x_wconf 72' lang='grc' dir='ltr'><em>παραβαίνειν</em></span> <span class='ocrx_word' id='word_1_255' title='bbox 996 1996 1145 2040; x_wconf 85' lang='grc' dir='ltr'><em>πάντα</em></span> <span class='ocrx_word' id='word_1_256' title='bbox 1183 1997 1484 2051; x_wconf 75' lang='grc' dir='ltr'><em>κατορθοῦται</em></span> <span class='ocrx_word' id='word_1_257' title='bbox 1523 1997 1639 2051; x_wconf 87' lang='grc' dir='ltr'><em>πέρα</em></span> <span class='ocrx_word' id='word_1_258' title='bbox 1685 1997 1880 2044; x_wconf 88' lang='grc' dir='ltr'><em>πίστεως</em></span> <span class='ocrx_word' id='word_1_259' title='bbox 1918 1993 1990 2034; x_wconf 86' lang='grc' dir='ltr'><em>καὶ</em></span> 
     </span>
    </p>
   </div>
   <div class='ocr_carea' id='block_1_7' title="bbox 385 2104 1343 2112">
    <p class='ocr_par' dir='ltr' id='par_1_11' title="bbox 385 2104 1343 2112">
     <span class='ocr_line' id='line_1_30' title="bbox 385 2104 1343 2112; baseline 0 0"><span class='ocrx_word' id='word_1_260' title='bbox 385 2104 1343 2112; x_wconf 95' lang='lat' dir='ltr'><em> </em></span> 
     </span>
    </p>
   </div>
   <div class='ocr_carea' id='block_1_8' title="bbox 322 2167 1997 3001">
    <p class='ocr_par' dir='ltr' id='par_1_12' title="bbox 435 2167 698 2203">
     <span class='ocr_line' id='line_1_31' title="bbox 435 2167 698 2203; baseline -0.004 0"><span class='ocrx_word' id='word_1_261' title='bbox 435 2167 698 2203; x_wconf 80' lang='lat' dir='ltr'>ROSPLELat</span> 
     </span>
    </p>

    <p class='ocr_par' dir='ltr' id='par_1_13' title="bbox 322 2216 1994 2439">
     <span class='ocr_line' id='line_1_32' title="bbox 439 2216 1879 2267; baseline -0.004 -8"><span class='ocrx_word' id='word_1_262' title='bbox 439 2229 454 2259; x_wconf 95' lang='lat'>1</span> <span class='ocrx_word' id='word_1_263' title='bbox 484 2222 536 2267; x_wconf 77' lang='grc' dir='ltr'><em>ὡς</em></span> <span class='ocrx_word' id='word_1_264' title='bbox 561 2225 644 2265; x_wconf 81' lang='grc' dir='ltr'><em>αἰεὶ]</em></span> <span class='ocrx_word' id='word_1_265' title='bbox 677 2219 736 2260; x_wconf 65' lang='lat' dir='ltr'><em>dez</em></span> <span class='ocrx_word' id='word_1_266' title='bbox 765 2222 959 2258; x_wconf 87' lang='lat' dir='ltr'><strong>SPLELat</strong></span> <span class='ocrx_word' id='word_1_267' title='bbox 1074 2223 1092 2253; x_wconf 80' lang='grc'><strong>3</strong></span> <span class='ocrx_word' id='word_1_268' title='bbox 1119 2217 1287 2265; x_wconf 76' lang='grc' dir='ltr'><em>ἐμαῦτὸν</em></span> <span class='ocrx_word' id='word_1_269' title='bbox 1311 2219 1338 2254; x_wconf 85' lang='grc' dir='ltr'>Ρ</span> <span class='ocrx_word' id='word_1_270' title='bbox 1455 2222 1475 2253; x_wconf 76' lang='lat'>4</span> <span class='ocrx_word' id='word_1_271' title='bbox 1499 2216 1692 2261; x_wconf 78' lang='grc' dir='ltr'><em>κάλλιστα]</em></span> <span class='ocrx_word' id='word_1_272' title='bbox 1725 2216 1821 2254; x_wconf 79' lang='grc' dir='ltr'><em>καλὰ</em></span> <span class='ocrx_word' id='word_1_273' title='bbox 1846 2217 1879 2253; x_wconf 90' lang='grc' dir='ltr'>Ε</span> 
     </span>
     <span class='ocr_line' id='line_1_33' title="bbox 322 2268 1992 2323; baseline -0.005 -5"><span class='ocrx_word' id='word_1_274' title='bbox 322 2277 506 2318; x_wconf 64' lang='grc' dir='ltr'><em>*κάκεῖνο</em></span> <span class='ocrx_word' id='word_1_275' title='bbox 533 2285 566 2323; x_wconf 85' lang='grc' dir='ltr'><em>(ο</em></span> <span class='ocrx_word' id='word_1_276' title='bbox 592 2292 636 2316; x_wconf 85' lang='lat' dir='ltr'><em>ex</em></span> <span class='ocrx_word' id='word_1_277' title='bbox 662 2296 691 2316; x_wconf 91' lang='grc' dir='ltr'><em>ω</em></span> <span class='ocrx_word' id='word_1_278' title='bbox 718 2290 810 2315; x_wconf 87' lang='lat' dir='ltr'><em>corr.</em></span> <span class='ocrx_word' id='word_1_279' title='bbox 828 2279 870 2320; x_wconf 87' lang='lat' dir='ltr'><em>P)</em></span> <span class='ocrx_word' id='word_1_280' title='bbox 889 2278 973 2314; x_wconf 90' lang='lat' dir='ltr'><em>SPL</em></span> <span class='ocrx_word' id='word_1_281' title='bbox 1000 2277 1091 2312; x_wconf 76' lang='lat' dir='ltr'><em>illud</em></span> <span class='ocrx_word' id='word_1_282' title='bbox 1114 2278 1186 2313; x_wconf 83' lang='lat' dir='ltr'><em>Lat</em></span> <span class='ocrx_word' id='word_1_283' title='bbox 1279 2281 1297 2311; x_wconf 79' lang='grc' dir='ltr'><em>ἴ)</em></span> <span class='ocrx_word' id='word_1_284' title='bbox 1325 2272 1367 2312; x_wconf 72' lang='grc' dir='ltr'><em>οὗ</em></span> <span class='ocrx_word' id='word_1_285' title='bbox 1394 2275 1605 2322; x_wconf 70' lang='grc' dir='ltr'><em>παρέργως]</em></span> <span class='ocrx_word' id='word_1_286' title='bbox 1633 2270 1871 2321; x_wconf 73' lang='grc' dir='ltr'><em>οὖκιῖλόγωσ,</em></span> <span class='ocrx_word' id='word_1_287' title='bbox 1894 2268 1992 2310; x_wconf 77' lang='grc' dir='ltr'><em>κάλό</em></span> 
     </span>
     <span class='ocr_line' id='line_1_34' title="bbox 323 2327 1993 2379; baseline -0.004 -6"><span class='ocrx_word' id='word_1_288' title='bbox 323 2339 346 2373; x_wconf 91' lang='lat' dir='ltr'><em>i.</em></span> <span class='ocrx_word' id='word_1_289' title='bbox 372 2349 443 2374; x_wconf 83' lang='lat' dir='ltr'><em>ras.</em></span> <span class='ocrx_word' id='word_1_290' title='bbox 471 2337 503 2373; x_wconf 91' lang='lat' dir='ltr'><strong>E</strong></span> <span class='ocrx_word' id='word_1_291' title='bbox 607 2341 626 2372; x_wconf 84' lang='grc'>6</span> <span class='ocrx_word' id='word_1_292' title='bbox 652 2337 696 2379; x_wconf 82' lang='grc' dir='ltr'><em>εἰ]</em></span> <span class='ocrx_word' id='word_1_293' title='bbox 723 2335 758 2373; x_wconf 78' lang='grc' dir='ltr'><em>οἳ</em></span> <span class='ocrx_word' id='word_1_294' title='bbox 782 2335 814 2371; x_wconf 91' lang='grc' dir='ltr'><strong>Ε</strong></span> <span class='ocrx_word' id='word_1_295' title='bbox 917 2339 934 2369; x_wconf 74' lang='grc' dir='ltr'>ἵ</span> <span class='ocrx_word' id='word_1_296' title='bbox 961 2332 1009 2377; x_wconf 65' lang='grc' dir='ltr'><em>εἷ’]</em></span> <span class='ocrx_word' id='word_1_297' title='bbox 1037 2332 1076 2371; x_wconf 75' lang='lat' dir='ltr'><em>o‘c&#39;</em></span> <span class='ocrx_word' id='word_1_298' title='bbox 1097 2335 1129 2369; x_wconf 89' lang='lat' dir='ltr'>E</span> <span class='ocrx_word' id='word_1_299' title='bbox 1155 2336 1192 2369; x_wconf 83' lang='lat' dir='ltr'><em>et</em></span> <span class='ocrx_word' id='word_1_300' title='bbox 1222 2337 1261 2368; x_wconf 87' lang='lat' dir='ltr'><em>ut</em></span> <span class='ocrx_word' id='word_1_301' title='bbox 1286 2333 1360 2367; x_wconf 86' lang='lat' dir='ltr'><em>uid.</em></span> <span class='ocrx_word' id='word_1_302' title='bbox 1388 2332 1459 2367; x_wconf 79' lang='lat' dir='ltr'><em>Lat</em></span> <span class='ocrx_word' id='word_1_303' title='bbox 1564 2336 1582 2366; x_wconf 73' lang='lat' dir='ltr'>S</span> <span class='ocrx_word' id='word_1_304' title='bbox 1608 2329 1787 2377; x_wconf 73' lang='grc' dir='ltr'><em>δεύτεροσ</em></span> <span class='ocrx_word' id='word_1_305' title='bbox 1811 2327 1993 2379; x_wconf 73' lang='grc' dir='ltr'><em>βασιλεὺσ</em></span> 
     </span>
     <span class='ocr_line' id='line_1_35' title="bbox 324 2383 1994 2439; baseline -0.005 -9"><span class='ocrx_word' id='word_1_306' title='bbox 324 2392 486 2439; x_wconf 80' lang='grc' dir='ltr'><em>μάλιστα</em></span> <span class='ocrx_word' id='word_1_307' title='bbox 512 2391 552 2439; x_wconf 73' lang='grc' dir='ltr'><em>δὴ</em></span> <span class='ocrx_word' id='word_1_308' title='bbox 577 2396 622 2429; x_wconf 84' lang='lat' dir='ltr'><em>tr.</em></span> <span class='ocrx_word' id='word_1_309' title='bbox 648 2393 680 2427; x_wconf 84' lang='lat' dir='ltr'>E</span> <span class='ocrx_word' id='word_1_310' title='bbox 797 2398 816 2426; x_wconf 75' lang='lat'><em>⁴.)</em></span> <span class='ocrx_word' id='word_1_311' title='bbox 841 2393 1054 2432; x_wconf 73' lang='grc' dir='ltr'><em>*παιδείαν,</em></span> <span class='ocrx_word' id='word_1_312' title='bbox 1080 2405 1109 2427; x_wconf 74' lang='grc' dir='ltr'><em>ει</em></span> <span class='ocrx_word' id='word_1_313' title='bbox 1137 2402 1181 2426; x_wconf 82' lang='lat' dir='ltr'><em>ex</em></span> <span class='ocrx_word' id='word_1_314' title='bbox 1206 2406 1216 2425; x_wconf 92' lang='grc' dir='ltr'><em>ι</em></span> <span class='ocrx_word' id='word_1_315' title='bbox 1243 2400 1333 2424; x_wconf 90' lang='lat' dir='ltr'><em>corr.</em></span> <span class='ocrx_word' id='word_1_316' title='bbox 1360 2389 1383 2424; x_wconf 91' lang='lat' dir='ltr'>S</span> <span class='ocrx_word' id='word_1_317' title='bbox 1511 2391 1550 2423; x_wconf 82' lang='lat'><em>12</em></span> <span class='ocrx_word' id='word_1_318' title='bbox 1575 2385 1704 2434; x_wconf 69' lang='grc' dir='ltr'><em>ιῖρετῇ]</em></span> <span class='ocrx_word' id='word_1_319' title='bbox 1732 2385 1790 2424; x_wconf 66' lang='grc' dir='ltr'><em>ἐπ’</em></span> <span class='ocrx_word' id='word_1_320' title='bbox 1820 2383 1935 2434; x_wconf 81' lang='grc' dir='ltr'><em>α’ρετῆ</em></span> <span class='ocrx_word' id='word_1_321' title='bbox 1961 2385 1994 2421; x_wconf 90' lang='grc' dir='ltr'><strong>Ε</strong></span> 
     </span>
    </p>

    <p class='ocr_par' dir='ltr' id='par_1_14' title="bbox 325 2441 1997 3001">
     <span class='ocr_line' id='line_1_36' title="bbox 440 2441 1994 2493; baseline -0.005 -7"><span class='ocrx_word' id='word_1_322' title='bbox 440 2455 480 2486; x_wconf 82' lang='grc'><strong>13</strong></span> <span class='ocrx_word' id='word_1_323' title='bbox 506 2446 761 2489; x_wconf 82' lang='grc' dir='ltr'><em>*α’πολαῦσαι]</em></span> <span class='ocrx_word' id='word_1_324' title='bbox 780 2453 818 2482; x_wconf 81' lang='lat' dir='ltr'><em>ut</em></span> <span class='ocrx_word' id='word_1_325' title='bbox 833 2469 875 2473; x_wconf 94' lang='lat'><strong>—</strong></span> <span class='ocrx_word' id='word_1_326' title='bbox 888 2449 1054 2493; x_wconf 62' lang='grc' dir='ltr'><em>μνήμῃ-εί</em></span> <span class='ocrx_word' id='word_1_327' title='bbox 1071 2448 1143 2482; x_wconf 83' lang='lat' dir='ltr'><em>Lat</em></span> <span class='ocrx_word' id='word_1_328' title='bbox 1239 2450 1275 2480; x_wconf 80' lang='lat'><em>15</em></span> <span class='ocrx_word' id='word_1_329' title='bbox 1293 2448 1355 2481; x_wconf 81' lang='grc' dir='ltr'><em>καὶ</em></span> <span class='ocrx_word' id='word_1_330' title='bbox 1381 2443 1530 2488; x_wconf 64' lang='grc' dir='ltr'><em>ἐμαυτῷ</em></span> <span class='ocrx_word' id='word_1_331' title='bbox 1549 2445 1668 2480; x_wconf 81' lang='lat' dir='ltr'>SPLE</span> <span class='ocrx_word' id='word_1_332' title='bbox 1763 2441 1807 2480; x_wconf 82' lang='grc' dir='ltr'><em>τὸ</em></span> <span class='ocrx_word' id='word_1_333' title='bbox 1825 2444 1895 2488; x_wconf 78' lang='grc' dir='ltr'><em>μὲν</em></span> <span class='ocrx_word' id='word_1_334' title='bbox 1912 2445 1994 2485; x_wconf 83' lang='grc' dir='ltr'><em>τοῦ]</em></span> 
     </span>
     <span class='ocr_line' id='line_1_37' title="bbox 325 2498 1903 2552; baseline -0.004 -9"><span class='ocrx_word' id='word_1_335' title='bbox 325 2510 392 2543; x_wconf 81' lang='grc' dir='ltr'><em>τοῦ</em></span> <span class='ocrx_word' id='word_1_336' title='bbox 416 2508 485 2552; x_wconf 77' lang='grc' dir='ltr'><em>μὲν</em></span> <span class='ocrx_word' id='word_1_337' title='bbox 502 2507 622 2542; x_wconf 85' lang='lat' dir='ltr'>SPLE</span> <span class='ocrx_word' id='word_1_338' title='bbox 719 2509 757 2540; x_wconf 78' lang='lat'><em>16</em></span> <span class='ocrx_word' id='word_1_339' title='bbox 784 2502 1066 2551; x_wconf 59' lang='grc' dir='ltr'><em>μεγαλόψυχον]</em></span> <span class='ocrx_word' id='word_1_340' title='bbox 1092 2501 1135 2540; x_wconf 82' lang='grc' dir='ltr'><em>τὸ</em></span> <span class='ocrx_word' id='word_1_341' title='bbox 1161 2500 1433 2549; x_wconf 50' lang='grc' dir='ltr'><em>μεγαλύνῃ-χοι·</em></span> <span class='ocrx_word' id='word_1_342' title='bbox 1450 2501 1570 2537; x_wconf 85' lang='lat' dir='ltr'>SPLE</span> <span class='ocrx_word' id='word_1_343' title='bbox 1664 2498 1855 2545; x_wconf 73' lang='grc' dir='ltr'><em>*ὀμοιόΓσ</em></span> <span class='ocrx_word' id='word_1_344' title='bbox 1875 2500 1903 2536; x_wconf 94' lang='grc' dir='ltr'>Ο</span> 
     </span>
     <span class='ocr_line' id='line_1_38' title="bbox 329 2555 1994 2605; baseline -0.005 -7"><span class='ocrx_word' id='word_1_345' title='bbox 329 2567 366 2598; x_wconf 64' lang='grc' dir='ltr'><em>ις</em></span> <span class='ocrx_word' id='word_1_346' title='bbox 392 2561 499 2605; x_wconf 58' lang='grc' dir='ltr'><em>ἀλλὰ]</em></span> <span class='ocrx_word' id='word_1_347' title='bbox 523 2558 607 2599; x_wconf 63' lang='grc' dir='ltr'><em>ἀλλ’</em></span> <span class='ocrx_word' id='word_1_348' title='bbox 635 2557 728 2599; x_wconf 68' lang='grc' dir='ltr'><em>αὐτὰ</em></span> <span class='ocrx_word' id='word_1_349' title='bbox 755 2561 876 2596; x_wconf 83' lang='lat' dir='ltr'>SPLE</span> <span class='ocrx_word' id='word_1_350' title='bbox 984 2564 1022 2595; x_wconf 83' lang='lat'><em>19</em></span> <span class='ocrx_word' id='word_1_351' title='bbox 1048 2558 1096 2601; x_wconf 66' lang='grc' dir='ltr'><em>δ’]</em></span> <span class='ocrx_word' id='word_1_352' title='bbox 1121 2559 1159 2593; x_wconf 64' lang='lat'><em>&lt;525</em></span> <span class='ocrx_word' id='word_1_353' title='bbox 1185 2560 1216 2594; x_wconf 84' lang='grc' dir='ltr'>Ε</span> <span class='ocrx_word' id='word_1_354' title='bbox 1323 2562 1358 2593; x_wconf 83' lang='lat'><em>21</em></span> <span class='ocrx_word' id='word_1_355' title='bbox 1391 2555 1530 2599; x_wconf 58' lang='grc' dir='ltr'><em>αὐτοῖς]</em></span> <span class='ocrx_word' id='word_1_356' title='bbox 1555 2557 1685 2602; x_wconf 82' lang='lat' dir='ltr'>incipit</span> <span class='ocrx_word' id='word_1_357' title='bbox 1710 2557 1759 2600; x_wconf 88' lang='lat' dir='ltr'><em>R,</em></span> <span class='ocrx_word' id='word_1_358' title='bbox 1785 2557 1888 2591; x_wconf 84' lang='lat' dir='ltr'><strong>cuius</strong></span> <span class='ocrx_word' id='word_1_359' title='bbox 1912 2556 1950 2590; x_wconf 86' lang='lat' dir='ltr'><em>in</em></span> <span class='ocrx_word' id='word_1_360' title='bbox 1975 2558 1994 2590; x_wconf 87' lang='lat'>2</span> 
     </span>
     <span class='ocr_line' id='line_1_39' title="bbox 325 2613 1993 2665; baseline -0.005 -10"><span class='ocrx_word' id='word_1_361' title='bbox 325 2620 421 2654; x_wconf 86' lang='lat' dir='ltr'><strong>foliis</strong></span> <span class='ocrx_word' id='word_1_362' title='bbox 446 2620 571 2665; x_wconf 85' lang='lat' dir='ltr'><strong>primis</strong></span> <span class='ocrx_word' id='word_1_363' title='bbox 594 2618 746 2662; x_wconf 83' lang='lat' dir='ltr'><strong>margini</strong></span> <span class='ocrx_word' id='word_1_364' title='bbox 771 2617 962 2662; x_wconf 84' lang='lat' dir='ltr'><strong>posteriori</strong></span> <span class='ocrx_word' id='word_1_365' title='bbox 987 2615 1249 2661; x_wconf 72' lang='lat' dir='ltr'><strong>superinducta</strong></span> <span class='ocrx_word' id='word_1_366' title='bbox 1270 2619 1325 2650; x_wconf 81' lang='lat' dir='ltr'><em>est</em></span> <span class='ocrx_word' id='word_1_367' title='bbox 1342 2616 1481 2656; x_wconf 80' lang='lat' dir='ltr'><strong>charta,</strong></span> <span class='ocrx_word' id='word_1_368' title='bbox 1507 2625 1576 2658; x_wconf 84' lang='lat' dir='ltr'><em>quo</em></span> <span class='ocrx_word' id='word_1_369' title='bbox 1603 2613 1739 2648; x_wconf 83' lang='lat' dir='ltr'><strong>factum</strong></span> <span class='ocrx_word' id='word_1_370' title='bbox 1763 2616 1829 2655; x_wconf 80' lang='lat' dir='ltr'><strong>est,</strong></span> <span class='ocrx_word' id='word_1_371' title='bbox 1855 2615 1895 2647; x_wconf 90' lang='lat' dir='ltr'><em>ut</em></span> <span class='ocrx_word' id='word_1_372' title='bbox 1913 2622 1993 2647; x_wconf 85' lang='lat' dir='ltr'>uer-</span> 
     </span>
     <span class='ocr_line' id='line_1_40' title="bbox 326 2668 1995 2717; baseline -0.005 -6"><span class='ocrx_word' id='word_1_373' title='bbox 326 2688 429 2711; x_wconf 89' lang='lat' dir='ltr'>suum</span> <span class='ocrx_word' id='word_1_374' title='bbox 455 2677 597 2711; x_wconf 84' lang='lat' dir='ltr'>litterae</span> <span class='ocrx_word' id='word_1_375' title='bbox 622 2675 779 2710; x_wconf 78' lang='lat' dir='ltr'><strong>initiales</strong></span> <span class='ocrx_word' id='word_1_376' title='bbox 797 2677 861 2709; x_wconf 79' lang='lat' dir='ltr'><em>aut</em></span> <span class='ocrx_word' id='word_1_377' title='bbox 878 2673 1003 2708; x_wconf 84' lang='lat' dir='ltr'><strong>finales</strong></span> <span class='ocrx_word' id='word_1_378' title='bbox 1020 2683 1092 2707; x_wconf 87' lang='lat' dir='ltr'><em>non</em></span> <span class='ocrx_word' id='word_1_379' title='bbox 1117 2676 1317 2717; x_wconf 78' lang='lat' dir='ltr'>appareant</span> <span class='ocrx_word' id='word_1_380' title='bbox 1410 2670 1783 2716; x_wconf 44' lang='lat' dir='ltr'><em>:Qunegumirsgqus-&#39;roco</em></span> <span class='ocrx_word' id='word_1_381' title='bbox 1801 2668 1833 2703; x_wconf 90' lang='lat' dir='ltr'><strong>R</strong></span> <span class='ocrx_word' id='word_1_382' title='bbox 1859 2681 1995 2715; x_wconf 73' lang='grc' dir='ltr'><em>περιει-</em></span> 
     </span>
     <span class='ocr_line' id='line_1_41' title="bbox 328 2718 1993 2779; baseline -0.006 -10"><span class='ocrx_word' id='word_1_383' title='bbox 328 2734 514 2779; x_wconf 74' lang='grc' dir='ltr'><em>λημμένησ</em></span> <span class='ocrx_word' id='word_1_384' title='bbox 539 2733 602 2768; x_wconf 89' lang='grc' dir='ltr'><em>ΟΕ</em></span> <span class='ocrx_word' id='word_1_385' title='bbox 696 2733 738 2766; x_wconf 82' lang='grc'><em>22</em></span> <span class='ocrx_word' id='word_1_386' title='bbox 763 2729 981 2773; x_wconf 78' lang='grc' dir='ltr'><em>*πολέμωνΙ</em></span> <span class='ocrx_word' id='word_1_387' title='bbox 1007 2729 1192 2763; x_wconf 78' lang='lat' dir='ltr'><em>ciuitatum</em></span> <span class='ocrx_word' id='word_1_388' title='bbox 1217 2729 1287 2763; x_wconf 81' lang='lat' dir='ltr'><em>Lat</em></span> <span class='ocrx_word' id='word_1_389' title='bbox 1380 2731 1421 2762; x_wconf 67' lang='lat'><em>2⁴</em></span> <span class='ocrx_word' id='word_1_390' title='bbox 1448 2725 1495 2762; x_wconf 74' lang='grc' dir='ltr'><em>(ἲν</em></span> <span class='ocrx_word' id='word_1_391' title='bbox 1521 2739 1578 2761; x_wconf 73' lang='lat' dir='ltr'><em>rto</em></span> <span class='ocrx_word' id='word_1_392' title='bbox 1603 2729 1646 2761; x_wconf 88' lang='lat' dir='ltr'><em>tr.</em></span> <span class='ocrx_word' id='word_1_393' title='bbox 1666 2726 1698 2760; x_wconf 90' lang='lat' dir='ltr'>E</span> <span class='ocrx_word' id='word_1_394' title='bbox 1793 2718 1877 2760; x_wconf 70' lang='grc' dir='ltr'><em>*ὅτι</em></span> <span class='ocrx_word' id='word_1_395' title='bbox 1895 2745 1935 2749; x_wconf 87' lang='grc'><strong>-</strong></span> <span class='ocrx_word' id='word_1_396' title='bbox 1951 2727 1993 2759; x_wconf 80' lang='grc'><em>25</em></span> 
     </span>
     <span class='ocr_line' id='line_1_42' title="bbox 327 2781 1994 2832; baseline -0.007 -8"><span class='ocrx_word' id='word_1_397' title='bbox 327 2791 668 2829; x_wconf 64' lang='grc' dir='ltr'><em>κατακολονθοῦσι]</em></span> <span class='ocrx_word' id='word_1_398' title='bbox 702 2788 738 2822; x_wconf 83' lang='lat' dir='ltr'><em>in</em></span> <span class='ocrx_word' id='word_1_399' title='bbox 770 2798 843 2832; x_wconf 80' lang='lat' dir='ltr'><em>qua</em></span> <span class='ocrx_word' id='word_1_400' title='bbox 875 2787 981 2821; x_wconf 82' lang='lat' dir='ltr'><em>etiam</em></span> <span class='ocrx_word' id='word_1_401' title='bbox 1013 2785 1238 2831; x_wconf 67' lang='lat' dir='ltr'><em>repperitur,</em></span> <span class='ocrx_word' id='word_1_402' title='bbox 1272 2785 1440 2829; x_wconf 82' lang='lat' dir='ltr'><em>quoniam</em></span> <span class='ocrx_word' id='word_1_403' title='bbox 1476 2783 1527 2817; x_wconf 81' lang='lat' dir='ltr'><em>cis</em></span> <span class='ocrx_word' id='word_1_404' title='bbox 1561 2783 1626 2826; x_wconf 76' lang='lat' dir='ltr'><em>qui</em></span> <span class='ocrx_word' id='word_1_405' title='bbox 1660 2781 1877 2815; x_wconf 72' lang='lat' dir='ltr'><em>uoluntatem</em></span> <span class='ocrx_word' id='word_1_406' title='bbox 1904 2792 1994 2826; x_wconf 72' lang='lat' dir='ltr'><em>pro-</em></span> 
     </span>
     <span class='ocr_line' id='line_1_43' title="bbox 326 2832 1997 2890; baseline -0.004 -12"><span class='ocrx_word' id='word_1_407' title='bbox 326 2847 444 2890; x_wconf 78' lang='lat' dir='ltr'><em>priam</em></span> <span class='ocrx_word' id='word_1_408' title='bbox 471 2857 539 2879; x_wconf 81' lang='lat' dir='ltr'><em>nou</em></span> <span class='ocrx_word' id='word_1_409' title='bbox 565 2849 735 2880; x_wconf 75' lang='lat' dir='ltr'><em>secuntur</em></span> <span class='ocrx_word' id='word_1_410' title='bbox 760 2844 832 2878; x_wconf 78' lang='lat' dir='ltr'><em>Lat</em></span> <span class='ocrx_word' id='word_1_411' title='bbox 959 2844 999 2876; x_wconf 84' lang='lat'><em>25</em></span> <span class='ocrx_word' id='word_1_412' title='bbox 1025 2841 1094 2885; x_wconf 73' lang='grc' dir='ltr'><em>μὲν</em></span> <span class='ocrx_word' id='word_1_413' title='bbox 1119 2846 1202 2876; x_wconf 70' lang='grc' dir='ltr'><em>τοῖο·</em></span> <span class='ocrx_word' id='word_1_414' title='bbox 1227 2843 1271 2875; x_wconf 81' lang='lat' dir='ltr'><em>tr.</em></span> <span class='ocrx_word' id='word_1_415' title='bbox 1299 2840 1329 2874; x_wconf 79' lang='grc' dir='ltr'>Ε</span> <span class='ocrx_word' id='word_1_416' title='bbox 1453 2841 1545 2873; x_wconf 60' lang='grc' dir='ltr'><em>θεοῦ</em></span> <span class='ocrx_word' id='word_1_417' title='bbox 1572 2832 1713 2884; x_wconf 50' lang='grc' dir='ltr'><em>γνώμη]</em></span> <span class='ocrx_word' id='word_1_418' title='bbox 1741 2834 1938 2883; x_wconf 68' lang='grc' dir='ltr'><em>συγγνώμη</em></span> <span class='ocrx_word' id='word_1_419' title='bbox 1964 2837 1997 2872; x_wconf 91' lang='lat' dir='ltr'>R</span> 
     </span>
     <span class='ocr_line' id='line_1_44' title="bbox 329 2894 1995 2947; baseline -0.004 -10"><span class='ocrx_word' id='word_1_420' title='bbox 329 2896 523 2947; x_wconf 63' lang='lat' dir='ltr'><em>m&#39;vyzw&#39;qu</em></span> <span class='ocrx_word' id='word_1_421' title='bbox 543 2902 570 2936; x_wconf 90' lang='lat' dir='ltr'><em>O</em></span> <span class='ocrx_word' id='word_1_422' title='bbox 599 2898 734 2945; x_wconf 81' lang='grc' dir='ltr'><em>νόμοισ</em></span> <span class='ocrx_word' id='word_1_423' title='bbox 757 2901 789 2935; x_wconf 87' lang='grc' dir='ltr'><strong>Ε</strong></span> <span class='ocrx_word' id='word_1_424' title='bbox 882 2902 924 2934; x_wconf 76' lang='grc'><em>26</em></span> <span class='ocrx_word' id='word_1_425' title='bbox 947 2898 1238 2944; x_wconf 65' lang='grc' dir='ltr'><em>*παραβαιίἐιιΊ</em></span> <span class='ocrx_word' id='word_1_426' title='bbox 1265 2899 1505 2942; x_wconf 59' lang='grc' dir='ltr'><em>παραλαβεῖν</em></span> <span class='ocrx_word' id='word_1_427' title='bbox 1523 2894 1555 2929; x_wconf 85' lang='lat' dir='ltr'>R</span> <span class='ocrx_word' id='word_1_428' title='bbox 1580 2898 1750 2940; x_wconf 64' lang='grc' dir='ltr'><em>παριδεῖν</em></span> <span class='ocrx_word' id='word_1_429' title='bbox 1776 2895 1804 2928; x_wconf 85' lang='lat' dir='ltr'><em>O</em></span> <span class='ocrx_word' id='word_1_430' title='bbox 1898 2894 1995 2940; x_wconf 75' lang='grc' dir='ltr'><em>πέρα</em></span> 
     </span>
     <span class='ocr_line' id='line_1_45' title="bbox 329 2950 1920 3001; baseline -0.005 -8"><span class='ocrx_word' id='word_1_431' title='bbox 329 2959 503 2998; x_wconf 61' lang='grc' dir='ltr'><em>πίστεως]</em></span> <span class='ocrx_word' id='word_1_432' title='bbox 529 2957 577 2991; x_wconf 81' lang='lat' dir='ltr'><em>ad</em></span> <span class='ocrx_word' id='word_1_433' title='bbox 601 2958 787 2991; x_wconf 76' lang='lat' dir='ltr'><em>terminum</em></span> <span class='ocrx_word' id='word_1_434' title='bbox 810 2955 898 3001; x_wconf 78' lang='lat' dir='ltr'><em>fidei</em></span> <span class='ocrx_word' id='word_1_435' title='bbox 923 2954 1103 2990; x_wconf 70' lang='lat' dir='ltr'><em>tendentia</em></span> <span class='ocrx_word' id='word_1_436' title='bbox 1129 2953 1199 2988; x_wconf 81' lang='lat' dir='ltr'><em>Lat</em></span> <span class='ocrx_word' id='word_1_437' title='bbox 1291 2952 1401 2997; x_wconf 59' lang='grc' dir='ltr'><em>πέρα]</em></span> <span class='ocrx_word' id='word_1_438' title='bbox 1429 2951 1559 2995; x_wconf 66' lang='grc' dir='ltr'><em>πέρατι</em></span> <span class='ocrx_word' id='word_1_439' title='bbox 1587 2950 1650 2985; x_wconf 85' lang='lat' dir='ltr'><em>RO</em></span> <span class='ocrx_word' id='word_1_440' title='bbox 1678 2950 1774 2996; x_wconf 65' lang='lat' dir='ltr'><em>rufos&lt;</em></span> <span class='ocrx_word' id='word_1_441' title='bbox 1801 2952 1861 2985; x_wconf 79' lang='grc' dir='ltr'><em>καὶ</em></span> <span class='ocrx_word' id='word_1_442' title='bbox 1888 2950 1920 2985; x_wconf 88' lang='grc' dir='ltr'>Ε</span> 
     </span>
    </p>
   </div>
   <div class='ocr_carea' id='block_1_9' title="bbox 2110 0 2160 380">
    <p class='ocr_par' dir='ltr' id='par_1_15' title="bbox 2110 0 2160 380">
     <span class='ocr_line' id='line_1_46' title="bbox 2110 0 2160 380; baseline 0 3059"><span class='ocrx_word' id='word_1_443' title='bbox 2110 0 2160 380; x_wconf 95' lang='lat' dir='ltr'><em> </em></span> 
     </span>
    </p>
   </div>
  </div>
 </body>
</html>
