2091 3418
32 937 68 970 10

34 1275 70 1308 15

569 205 730 249 ANTIQ.
757 205 851 240 IUD.
879 206 908 239 11
937 208 1112 240 221-22:‚
1137 209 1185 247 (nx
1203 213 1275 245 ιδ)
1672 204 1748 241 129

99 317 401 378 ἀποφράττειν
433 318 606 362 εἴσοδον
648 317 667 374 ἡ
702 315 929 375 ἄσφαλτος
960 322 1172 376 πέφυκεν,
1220 318 1445 362 ἐντιθέασι
1478 317 1525 360 τὸ
1569 317 1751 361 παιδίον

98 391 167 433 καὶ
199 387 308 431 κατὰ
339 390 415 430 τοῦ
447 388 651 441 ποταμοῦ
681 386 890 440 βαλόντες
922 387 1076 429 εἴασαν
1109 387 1181 430 ἐπὶ
1215 389 1275 442 τῷ
1308 389 1401 443 θεῷ
1424 386 1500 442 την
1533 389 1751 442 σωτηρίαν

99 453 244 500 αἰτοῦ.
293 457 362 498 καὶ
396 454 443 498 τὸ
476 455 554 510 μὲν
586 451 608 497 ὁ
643 453 844 508 ποταμὸς
867 454 1138 510 ;ἰ;αραλ.α,’)ἰι)ν
1171 455 1312 512 ὲίῙερε,
1350 454 1563 510 Μαριάμη
1599 453 1642 495 δὲ
1675 455 1750 495 τοῦ

99 523 262 574 παιδὸς
294 519 457 579 άδελφη
502 523 791 565 κελευσθεῖσα
833 519 917 564 ὑπὸ
958 525 1034 578 της
1072 522 1237 580 μητρὸς
1277 519 1585 577 άντιπαρεξίει
1618 520 1751 578 φερό-

96 608 226 647 μενον
256 587 363 635 ὅποι
391 591 581 647 χωρήσει
615 585 813 646 ὀψομένη
847 589 894 632 τὸ
920 591 1105 646 πλέγμα.
1158 591 1269 632 ἔνθα
1301 592 1373 632 καὶ
1405 589 1566 640 ἔδειξεν
1597 587 1619 632 ὁ
1644 588 1752 639 θεὸς

96 659 230 717 μηδὲν
267 659 346 714 μὲν
384 658 462 715 την
504 654 794 714 ἀνθρωπίνην
834 657 1027 709 σύνεσιν,
1070 661 1160 700 πᾶν
1200 654 1240 700 δ’
1268 653 1291 700 ὅ
1322 675 1362 699 τι
1406 659 1476 700 καὶ
1507 657 1747 713 βουληθείη

98 726 310 782 πράττειν
344 722 448 769 αὐτὸ
482 727 632 774 τέλους
673 721 847 781 ἀγαθοῦ
878 722 1106 780 τυγχάνον,
1145 728 1214 768 καὶ
1257 725 1636 780 διαμαρτάνοντας
1674 725 1752 778 μὲν

97 793 198 845 τοὺς
242 791 351 850 ὑπὲρ
392 794 555 844 οἰκείας
597 789 845 850 ἀσφαλείας
889 790 1032 835 ἄλλων
1070 797 1410 849 κατακρίνοντας
1448 790 1636 848 ὄλεθρον
1679 793 1750 834 καὶ

99 862 242 918 πολλῇ
273 863 375 917 περὶ
417 862 573 905 τούτου
609 863 908 917 χρησαμένους
949 861 1129 917 σπουδῇ,
1163 860 1434 915 σωζομένους
1465 856 1505 902 δ)
1532 860 1575 902 ἐκ
1606 877 1752 914 παρα-

98 928 226 980 δόξου
256 932 327 972 καὶ
362 928 512 983 σχεδὸν
553 928 596 971 ἐκ
635 932 770 983 μέσου
807 931 893 971 τιῦν
933 931 1074 971 κακῶν
1114 926 1444 984 εὑρισκομένους
1480 927 1557 984 την
1589 923 1753 982 εὖπρα-

97 1001 195 1052 γίαν
226 996 328 1047 τοὺς
358 996 687 1046 κινδυνεύοντας
717 998 769 1052 τῇ
809 998 886 1038 τοῦ
917 998 1028 1038 θεοῦ
1064 996 1225 1052 γνώμη.
1284 999 1485 1039 τοιοῦτον
1525 996 1571 1038 δέ
1607 1013 1652 1038 τι
1681 997 1750 1038 καὶ

99 1067 199 1120 περὶ
233 1064 310 1108 τὸν
341 1065 483 1108 παῖδα
513 1067 666 1107 τοῦτον
696 1063 925 1119 γενόμενον
948 1063 1175 1120 ἐμφανίζει
1205 1063 1282 1120 την
1315 1063 1435 1117 ἰσχὺν
1465 1066 1542 1106 τοῦ
1573 1065 1696 1105 θεοῦ.

214 1138 250 1176 5.
301 1136 556 1188 Θέρμουθις
588 1123 636 1188 ἧν
666 1132 864 1189 θυγάτηρ
886 1134 961 1174 τοῦ
981 1133 1212 1186 βασιλέως.
1260 1126 1365 1189 αὓτη
1389 1130 1610 1183 παίζουσα
1632 1129 1754 1184 παρὰ

100 1198 180 1250 τὰς
210 1195 343 1257 ᾐόνας
374 1202 450 1242 τοῦ
483 1202 686 1253 ποταμοῦ
727 1201 796 1242 καὶ
831 1199 1073 1255 φερόμενον
1112 1197 1197 1242 ὑπὸ
1230 1201 1307 1242 τοῦ
1340 1199 1554 1255 ῥεύματος
1583 1201 1756 1240 θεασα-

99 1270 204 1325 μένη
232 1267 280 1310 τὸ
315 1269 488 1323 πλέγμα
518 1266 793 1323 κολυμβητὰς
815 1266 1064 1321 ἐπιπέμπει
1092 1266 1332 1309 κελεύσασα
1352 1265 1430 1323 την
1451 1266 1622 1309 κοιτίδα
1644 1264 1756 1319 πρὸς

103 1330 236 1392 αὐτὴν
258 1334 496 1390 ἐκκομίσαι.
547 1337 913 1391 παραγενομένων
937 1335 983 1378 δὲ
1004 1337 1090 1377 τῶν
1112 1334 1187 1377 ἐπὶ
1208 1334 1349 1390 τούτῳ
1372 1335 1616 1376 σταλέντων
1645 1331 1756 1387 μετὰ

100 1405 178 1458 τῆς
198 1403 390 1453 κοιτίδος
421 1403 577 1446 ἰδοῦσα
598 1402 646 1446 τὸ
674 1403 857 1446 παιδίον
886 1400 1200 1459 ’ὑπερηγάπησε
1229 1405 1446 1457 μεγέθους
1466 1417 1513 1443 τε·
1543 1401 1664 1443 ἕνεκα
1684 1401 1756 1442 καὶ

101 1470 305 1521 κάλλους·
338 1470 525 1527 τοσαύτη
557 1469 637 1526 γὰρ
670 1468 691 1513 0‘
724 1469 833 1520 θεὸς
864 1471 965 1525 περὶ
1002 1472 1202 1525 ,Μωυσῆν
1234 1468 1443 1526 ἐχρήσατο
1475 1468 1666 1524 σπουδῇ,
1699 1464 1759 1517 (ὗς

102 1534 178 1581 ὑπ’
207 1534 349 1581 αἶ’τιῦν
369 1540 455 1582 τιῦν
479 1540 803 1595 ψηφισαμένων
825 1536 899 1580 διὰ
929 1536 1007 1594 τὴν
1039 1533 1172 1580 αὐτοῦ
1202 1540 1368 1593 γε’νεσιν
1404 1537 1583 1578 καὶτῶν
1615 1532 1758 1577 ἄλλων

215 1664 234 1704 ς·
261 1663 322 1696 221
351 1679 393 1690 =
419 1661 567 1696 Exodus
591 1660 626 1695 II
652 1664 682 1696 3.

217 1784 713 1820 ROMSPLAELatZonaras
737 1783 754 1818 Ι
775 1795 810 1828 p.
829 1776 883 1818 5¹3.
938 1782 1173 1818 ExcPeiresc.
1229 1781 1443 1817 Eustathius
1467 1782 1627 1816 hexaissm.
1653 1792 1688 1825 p.
1705 1783 1759 1815 79.

104 1841 234 1877 Suidas
260 1852 287 1876 s.
315 1843 489 1886 Μωυσῆς.
536 1840 694 1875 Michael
720 1840 850 1884 Glycas
874 1851 910 1885 p.
937 1842 1013 1874 250.

220 1901 233 1932 1
262 1892 534 1945 α’ποφράττειν]
561 1893 742 1942 φράττειν
765 1896 796 1931 L
889 1894 1100 1941 ἅσφαλτοσ,
1126 1897 1194 1930 αλτ
1218 1895 1241 1929 i.
1256 1905 1327 1929 ras.
1346 1897 1364 1929 2
1389 1894 1458 1929 litt.
1483 1893 1512 1928 P
1604 1895 1762 1930 *πεδίον

106 1953 136 1988 L
217 1957 236 1989 3
260 1950 318 1996 τὸ]
344 1950 433 1990 τότε
456 1953 496 1988 Μ
587 1950 722 2000 ἔφερεν
746 1953 947 1989 S¹P¹AExc
1039 1949 1260 1999 *μαριάμμη
1284 1950 1395 1986 ΑΖο11
1419 1951 1536 1985 maria
1559 1950 1631 1985 Lat
1711 1949 1760 1990 δὲ]

106 2010 144 2046 δὲ
166 2007 187 2055 ἦ
213 2009 245 2044 Ε
360 2013 380 2044 4
403 2012 635 2055 κελευσθῆσα
654 2009 732 2044 Exc
848 2005 1112 2053 α’ντιπαρεξίει,
1135 2008 1154 2044 “ι”
1172 2019 1217 2043 ex
1240 2005 1260 2053 ή
1287 2017 1378 2042 corr.
1398 2007 1438 2041 M
1545 2004 1763 2053 φερόμενον

109 2059 209 2107 ὅποι]
243 2059 332 2102 ὅποι
362 2063 577 2113 φερόμενον
602 2065 754 2101 MLExc
784 2063 1000 2112 φερόμενον
1030 2068 1105 2102 ποῦ
1133 2065 1232 2100 ROA
1265 2061 1481 2111 φερόμενον
1515 2057 1612 2099 ὅπου
1648 2062 1671 2097 S

108 2126 128 2158 5
151 2118 294 2165 ἔδειξεν]
321 2121 488 2165 διέδειξεν
511 2121 752 2158 MSPLAExc
857 2125 876 2157 6
901 2122 970 2167 μὲν
994 2133 1061 2158 0111.
1088 2122 1166 2156 Exc
1281 2116 1530 2167 ἀνθρωπείαν
1552 2119 1763 2155 MSPAExc

108 2175 331 2225 α’νθρωπίαν
355 2178 386 2212 L
494 2176 652 2220 σύνεσιν]
677 2176 826 2215 σύνεσιν
852 2173 970 2215 οὖσαν
993 2178 1185 2213 Holwerda
1278 2181 1295 2211 7
1323 2172 1428 2218 αὐτὸ]
1455 2178 1530 2222 ipse
1553 2176 1624 2211 Lat
1650 2170 1764 2218 αὐτὸς

107 2233 254 2269 Ernesti
366 2229 460 2270 αὐτὸ
485 2233 625 2277 τέλους]
651 2231 882 2272 αὐτοτελοῦσ
905 2235 1098 2270 ROMSPL
1123 2230 1353 2270 αὖτοτέλουσ
1377 2233 1456 2268 Exc
1570 2229 1764 2278 τυγχάνων

107 2288 141 2325 R
163 2287 396 2336 τυγχάνοντα
421 2290 500 2325 Exc
621 2293 640 2325 8
666 2291 819 2334 οἰκείας]
843 2289 975 2338 ὑγείασ
1000 2291 1032 2326 R
1057 2291 1156 2328 ἰδίασ
1179 2290 1422 2325 MSPLAExc
1543 2285 1763 2335 α’σφαλείας]

109 2340 298 2391 ω’φελείασ
320 2348 383 2382 καὶ.
407 2343 620 2392 οἷσφαλείασ
644 2347 683 2382 Μ
763 2346 880 2385 ἄλλον
903 2350 936 2383 Α
1018 2352 1037 2383 9
1063 2350 1148 2396 περὶ
1173 2345 1321 2389 τούτου]
1348 2358 1414 2382 0111.
1440 2346 1468 2380 P
1494 2347 1579 2392 περὶ
1604 2342 1765 2381 τούτουσ

110 2401 170 2437 OL
187 2404 273 2447 περὶ
297 2405 410 2438 τοῦτο
428 2402 572 2437 Bekker
638 2404 878 2450 χρησαμένου
894 2404 948 2438 M¹
972 2404 1187 2452 χρησαμένη
1204 2403 1245 2448 Ο,
1269 2404 1308 2438 in
1325 2402 1357 2436 R
1380 2403 1450 2437 litt.
1470 2401 1634 2445 αμένοι·σ
1649 2411 1764 2446 paene

111 2457 252 2493 omnino
277 2468 382 2493 euan.
486 2462 522 2493 11
550 2462 702 2496 τοιοῦτο
728 2461 955 2496 Echekker
1054 2460 1103 2502 δέ]
1128 2457 1202 2507 γὰρ
1227 2458 1469 2495 MSPLAExc
1493 2468 1580 2503 erqo
1603 2456 1676 2491 Lat

112 2513 156 2555 τι]
181 2526 240 2549 τοι
264 2514 294 2549 L
443 2517 482 2549 12
506 2513 584 2562 τὴν]
613 2516 687 2564 γ’άρ
717 2514 798 2565 τὴν,
823 2532 896 2565 γαρ
925 2519 1145 2563 expunctum
1170 2517 1193 2552 S
1344 2518 1382 2549 13
1408 2514 1431 2548 i.
1455 2523 1565 2558 marg.
1591 2509 1618 2548 ε’
1645 2511 1674 2547 Ο

112 2569 352 2615 *θερμουθὶσ
375 2572 400 2611 (ὶ
425 2581 468 2605 ex
491 2568 512 2617 ὴ
538 2583 629 2608 corr.
655 2573 700 2616 R)
723 2573 862 2610 ROMA
886 2577 1100 2621 θερμουθισ
1123 2573 1154 2608 L
1181 2570 1358 2607 thermuth
1382 2570 1453 2605 Lat
1570 2572 1611 2603 14
1635 2564 1763 2615 ᾐόνας]

113 2622 224 2661 ἰόνασ
247 2627 280 2660 A
303 2621 438 2672 ἠϊόνασ
462 2627 750 2665 O2MSPLEExc
843 2628 1041 2677 ῥεύματος]
1068 2626 1187 2675 ῥεὺμα
1204 2628 1250 2662 P¹
1344 2630 1383 2660 15
1409 2625 1595 2672 *πλέγμα]
1621 2627 1766 2669 πλεῦμα

113 2680 142 2716 Ο
234 2679 510 2729 *κολυμβητὰς1
535 2683 767 2733 κολυμβιτὰσ
790 2686 834 2731 R,
861 2697 927 2722 om.
953 2687 1024 2721 Lat
1116 2683 1324 2728 *ἐκπέμπει
1346 2682 1386 2716 Μ
1478 2678 1575 2727 *τὴν
1592 2691 1619 2716 S·
1637 2680 1677 2716 Μ

113 2738 296 2779 *κοιτίδα]
320 2740 463 2775 κιστίδα
487 2739 567 2776 Exc
688 2745 729 2778 16
754 2740 918 2789 *ἑαυτὴν
942 2742 995 2777 SP
1021 2737 1136 2786 αὑτὴν
1159 2739 1239 2775 Exc
1364 2736 1425 2774 ἐπὶ
1450 2740 1564 2774 τοῦτο
1591 2736 1678 2772 SPL

115 2795 153 2828 17
178 2795 351 2837 κοιτίδος]
375 2796 543 2833 κιστίδοσ
563 2797 642 2833 Exc
710 2795 998 2845 ὑπερηγάπησεν
1014 2796 1216 2833 S¹P¹AExc
1289 2796 1328 2829 18
1359 2789 1512 2840 μωῧσῆν
1528 2795 1561 2828 Α
1633 2796 1673 2828 19
1698 2788 1767 2830 ὑπ’

113 2843 237 2885 αὐτῶν
265 2852 342 2886 τῶν
372 2853 649 2898 ψηφισαμένων]
681 2851 756 2891 ὑπὸ
796 2852 951 2891 πάντων
986 2856 1063 2889 τῶν
1097 2850 1471 2898 καταψηφισαμένων
1502 2849 1654 2884 MLExc
1693 2845 1767 2886 ὑπὸ

114 2902 267 2942 πάντων
283 2909 361 2942 τῶν
377 2904 422 2944 τὰ
448 2905 588 2955 ἔσχατα
612 2909 986 2957 καταψηφισαμένων
1010 2908 1062 2944 SP
1086 2904 1160 2944 ὑπὸ
1187 2904 1333 2944 τούτων
1356 2909 1433 2943 τῶν
1458 2903 1504 2943 τὰ
1535 2903 1676 2952 ἔσχατα
1702 2917 1768 2952 ψη-

114 2961 331 3006 φισαμένων
355 2965 388 2998 Α
412 2963 454 2999 ab
479 2965 567 3010 ι’ρςίε
591 2967 656 3011 qui
676 2986 720 2992 —
744 2966 978 3002 decreuerunt
1003 2965 1074 3000 Lat
1164 2965 1239 3005 καὶ]
1263 2964 1326 2999 καὶ
1349 2959 1447 2999 κατὰ
1473 2962 1525 2999 SP

184 3023 321 3058 Iosephus
344 3025 364 3053 Ι.
1475 3021 1495 3053 9

1783 590 1864 631 222

1784 862 1864 903 223

1785 1132 1866 1172 224

1790 1470 1870 1510 225
