2091 3418
535 208 696 252 ANTIQ.
722 208 818 244 IUD.
844 208 861 242 1
889 210 1059 244 125-131
1089 210 1134 251 (v1
1154 211 1227 250 μιν)
1659 206 1710 244 31

54 323 234 380 Κύπρος
265 317 372 378 αἵτη
405 324 479 364 νῦν
510 321 720 372 καλεῖται,
751 322 821 363 καὶ
856 316 938 362 ἀπ’
976 316 1108 378 αὐτῆς
1145 323 1272 377 νῆσοί
1301 336 1349 362 τε
1380 322 1523 363 πᾶσαι
1555 321 1625 363 καὶ
1658 320 1712 362 τὰ

54 393 194 435 πλείω
224 392 312 433 τιῦν
343 388 466 445 παρὰ
505 388 736 431 θάλατταν
766 392 897 445 Χέθη
932 386 1016 432 ὑπὸ
1044 386 1254 443 Ἑβραίων
1285 383 1568 442 ὀνομάζεται·
1599 387 1713 443 μάρ-

53 475 129 510 τυς
150 458 197 501 δέ
216 475 302 512 μου
323 459 384 513 τῴ
419 455 532 512 λόγῳ
563 459 644 510 μία
675 458 762 497 τῶν
784 455 828 498 ἐν
851 455 1019 512 Κύπρῳ
1042 455 1216 498 πόλεων
1238 455 1453 508 ἰσχύσασα
1472 455 1551 512 τὴν
1573 471 1714 511 προσ-

53 529 233 584 ηγορίαν
263 523 478 583 φυλάξαι·
511 527 666 566 Κίτιον
693 523 776 580 γὰρ
809 522 892 566 ὑπὸ
915 526 1003 566 τῶν
1025 522 1392 580 ἐξελληνισάντων
1416 519 1550 580 αι’«τήν
1570 525 1715 567 καλεῖ-

54 611 127 637 ται
166 588 270 651 μηδ’
307 587 446 642 οὕτως
485 591 761 648 διαφυγοῦσα
791 594 869 634 τοῦ
901 594 1109 645 Χεθίμου
1140 589 1189 632 τὸ
1231 587 1384 645 ὄνομα.
1440 587 1604 648 Ἰαφθᾶ
1634 591 1714 645 μὲν

53 660 103 719 δὴ
137 661 295 711 παῖδές
324 676 372 702 τε
401 660 473 702 καὶ
505 659 658 702 υἱωνοὶ
689 662 882 702 τοσαῦτα
914 658 1038 711 ἔσχον
1069 657 1192 714 ἔθνη.
1243 656 1266 700 ὃ
1299 654 1340 700 δ’
1378 658 1485 708 ἴσως
1514 654 1592 716 ὑφ’
1623 656 1713 702 Ἑλ-

53 728 194 786 λήνιον
226 724 461 784 ἀγνοεῖται,
493 729 624 770 τοῦτο
656 726 888 783 προειπών
918 728 1142 781 τρέψομαι
1173 724 1288 780 πρὸς
1311 724 1389 781 τὴν
1412 721 1632 783 ἀφήγησιν
1654 723 1714 769 ὦν

51 796 303 839 κατέλιπον.
362 794 418 837 τὰ
459 794 541 851 γὰρ
581 791 778 848 ὀνόματα
815 793 888 836 διὰ
918 792 968 835 τὸ
1006 795 1083 849 τῆς
1120 794 1293 849 γραφῆς
1335 791 1552 850 εὐπρεπὲς
1582 791 1715 850 ἡλλή-

52 879 200 908 νισται
239 862 353 918 πρὸς
390 859 550 919 ’ἡδονὴν
580 864 666 906 τιῦν
699 860 1033 915 ἐντευξομένων·
1075 856 1124 903 οὗ
1163 858 1246 916 γὰρ
1286 858 1522 915 ἐπιχώριος
1556 857 1660 917 ἡμῖν
1691 858 1713 903 0‘

0 968 4 974 .
53 933 254 982 τοιοῦτος
287 926 433 973 ατῦιῦν
462 930 616 982 τύπος,
650 924 747 972 ἀλλ’
784 928 827 971 ἓν
866 944 914 970 τε
955 923 1096 971 αὐτῶν
1129 929 1271 984 σχῆμα
1300 930 1373 971 καὶ
1403 927 1579 984 τελευτὴ
1621 932 1715 983 μία,

53 998 210 1052 Νῶχός
239 1001 286 1041 τέ
317 1015 387 1042 τοι
409 1001 512 1041 Νιῦε
542 999 739 1041 καλεῖται
768 997 839 1038 καὶ
870 997 1026 1039 τοῦτον
1050 995 1126 1039 τὸν
1146 994 1287 1038 τύπον
1310 994 1386 1038 ἐπὶ
1408 995 1576 1047 παντὸς
1595 1006 1719 1054 τηρεῖ

54 1066 286 1124 σχήματος.

167 1137 205 1178 2.
263 1134 317 1177 Οἱ
348 1133 394 1176 δὲ
416 1133 577 1187 Χάμου
608 1131 767 1181 παῖδες
795 1130 874 1186 τὴν
906 1125 996 1173 ἀπὸ
1024 1134 1186 1186 Συρίας
1215 1132 1288 1174 καὶ
1308 1126 1502 1185 Ἀμάνου
1529 1132 1602 1174 καὶ
1624 1136 1717 1175 Λι-

53 1201 189 1257 βάνου
220 1203 308 1243 τιῦν
331 1196 446 1257 ὂριῦν
466 1203 544 1257 γῆν
564 1202 784 1252 κατέσχον,
817 1193 902 1241 ὅσα
923 1197 1038 1255 πρὸς
1058 1199 1296 1243 θάλασσαν
1320 1195 1452 1256 αὐτῆς
1474 1198 1718 1255 ἐτέτραπτο

0 1280 21 1311 ‚⁷
54 1268 375 1324 καταλαβόντες
405 1270 476 1311 καὶ
506 1267 561 1310 τὰ
591 1269 718 1322 μέχρι
747 1268 825 1309 τοῦ
857 1261 1050 1309 ὠκεανοῦ
1082 1265 1439 1322 ἐξιδιωσάμενοι·
1481 1267 1527 1310 αἱ
1566 1270 1720 1322 μέντοι

54 1340 350 1395 προσηγορίαι
378 1338 467 1378 τῶν
497 1336 576 1390 μὲν
606 1336 680 1378 καὶ
720 1335 949 1384 παντελῶς
988 1333 1178 1390 ἐξίτηλοι
1216 1331 1465 1390 γεγόνασιν,
1507 1334 1633 1378 ἐνίων
1672 1334 1720 1377 δὲ

53 1406 381 1460 μεταβαλοῦσαι
410 1404 482 1446 καὶ
511 1405 982 1459 μεταρρυθμισθεῖσαι
1013 1401 1127 1459 πρὸς
1157 1401 1307 1458 ἑτέρας
1329 1402 1599 1458 δύσγνωστοι
1619 1419 1719 1458 τυγ-

52 1472 284 1527 χάνουσιν,
336 1466 477 1526 ὀλίγοι
523 1470 570 1513 δὲ
617 1471 658 1513 οἱ
705 1469 978 1527 φυλάξαντες
1023 1465 1253 1525 ἀκεραίους
1296 1469 1376 1521 τὰς
1419 1474 1720 1527 προσηγορίας

53 1537 316 1595 ὑπάρχουσι.
366 1537 594 1593 τεσσάρων
623 1537 705 1594 γὰρ
728 1537 889 1593 Χάμου
911 1537 1087 1580 παίδων
1116 1540 1359 1594 γενομένων
1381 1543 1609 1581 Χουσαῖον
1640 1538 1719 1592 μὲν

167 1628 276 1696 §71-27‘3
301 1668 344 1680 =
370 1626 572 1687 Gensfib.
590 1626 602 1628 Β
655 1626 660 1628 -

167 1752 631 1789 ROMSPLELatZonaras
656 1752 673 1786 Ι
697 1763 732 1796 p.
748 1753 853 1796 31sq.
902 1750 1120 1787 Eustathius
1145 1752 1305 1786 hexaiim.
1331 1762 1367 1796 p.
1383 1754 1438 1786 52.
1478 1751 1720 1798 Hieronymus

57 1813 196 1856 quaest.
220 1819 299 1854 gen.
325 1821 360 1854 p.
387 1812 450 1844 951
467 1819 518 1853 sq.
543 1808 676 1852 Migne.

172 1870 186 1901 1
216 1863 620 1912 Κύπρος-καλεῖται]
645 1861 795 1909 κύπροσ
819 1864 858 1900 δὲ
882 1866 948 1900 νῦν
972 1857 1065 1910 αὕτη
1083 1867 1253 1900 καλεῖται
1271 1866 1349 1900 τῶν
1367 1860 1531 1911 ἑλλήνων
1549 1864 1720 1911 τοῦνομα

56 1921 171 1970 ταύτη
201 1920 473 1968 μεταθεμένων
503 1917 607 1967 πρὸσ
639 1917 685 1957 τὸ
717 1923 787 1967 τῆσ
811 1915 906 1967 παρ’
933 1916 1067 1957 αὕτοῖσ
1096 1923 1191 1957 θεοῦ
1220 1920 1474 1967 νομιζομένησ
1508 1920 1720 1967 ἐπώνυμον.

55 1977 123 2027 τὴν
146 1976 220 2027 γὰρ
246 1974 456 2024 ἀφροδίτην
478 1979 543 2013 καὶ
565 1975 701 2024 κύπριν
729 1980 888 2014 καλοῦσι
913 1977 945 2012 Ε
972 1978 1067 2012 unde
1091 1977 1168 2012 Zon
1281 1972 1352 2013 ἄπ’
1379 1972 1504 2024 αὐτῆς]
1530 1974 1608 2015 α’πὸ
1635 1974 1721 2016 ταύ-

56 2050 125 2084 τησ
149 2036 182 2072 Ε
297 2031 425 2080 αὐτῆσ,
449 2036 472 2079 ῆ
496 2045 540 2069 ex
566 2039 606 2070 οῖ
621 2033 655 2069 R
770 2037 789 2068 2
815 2030 959 2079 *παρὰ]
985 2035 1071 2081 περὶ
1096 2033 1125 2068 Ο
1241 2030 1443 2070 θάλασσαν
1466 2035 1629 2071 MSPLE

58 2127 177 2174 Χέθη]
199 2102 342 2173 χεθηῖιι,
375 2139 396 2171 η
420 2135 464 2159 ex
489 2137 520 2161 ει
551 2134 643 2159 corr.
661 2123 701 2158 M
723 2126 862 2171 χετιεὶν
886 2126 919 2167 (ν
942 2124 980 2159 in
1007 2138 1035 2169 μ
1063 2135 1155 2159 corr.
1181 2124 1224 2169 P)
1254 2124 1307 2159 SP
1335 2128 1468 2170 χεθεῖν
1495 2124 1526 2158 L
1553 2127 1662 2171 χεθὶν
1686 2125 1719 2160 Ε

57 2182 187 2220 cethim
218 2183 290 2218 Lat
313 2177 442 2217 Ὴθθώ
476 2181 637 2219 Eustath
764 2176 1051 2225 *ὀνομάζονται
1082 2181 1147 2216 Ro
1286 2184 1304 2215 3
1340 2183 1410 2218 τοῦ
1442 2178 1560 2227 λόγου
1590 2181 1720 2216 MSPL

170 2242 191 2273 4
217 2240 361 2278 Κίτιον]
385 2233 519 2283 κήτιοσ
542 2237 582 2271 Μ
605 2237 731 2273 κίτιοσ
755 2237 876 2272 SPLE
901 2236 1006 2272 atthis
1030 2238 1101 2273 Lat
1193 2240 1212 2271 5
1237 2234 1328 2283 μὴδὲ
1352 2237 1383 2272 L
1477 2232 1576 2273 οὕτω
1601 2238 1640 2272 Μ

57 2297 239 2341 Χεθίμου]
265 2292 352 2330 cithi
374 2293 448 2329 Lat
583 2289 729 2339 Ἰαφθᾶ]
755 2293 873 2339 ἰεφθᾶ
897 2293 926 2329 O
957 2293 1121 2339 ἰαφέθου
1144 2293 1270 2329 MSPL
1297 2291 1441 2338 ἰάφθου
1465 2294 1497 2328 Ε
1522 2293 1626 2338 iafed
1649 2293 1722 2329 Lat

172 2354 191 2386 8
216 2348 448 2387 κατάλειπον
473 2350 512 2384 Μ
603 2345 676 2385 *τὸ
705 2360 772 2384 om.
790 2349 837 2384 Ρ1
928 2346 1183 2396 *ἡλλήνισται]
1209 2348 1416 2396 ἑλληνισταὶ
1440 2349 1513 2385 RM
1537 2347 1720 2396 ἑλληνιστὶ

58 2408 228 2446 λέλεκται
242 2407 270 2442 O
296 2403 504 2452 ἓλλήνισται
516 2405 547 2440 L
618 2409 658 2440 10
677 2401 776 2442 *ἄλλ
788 2426 832 2431 -
848 2409 884 2441 11
900 2409 1082 2448 καλεῖται]
1103 2406 1168 2441 sed
1183 2407 1264 2441 licet
1283 2417 1393 2440 unum
1415 2405 1556 2451 quidem
1579 2405 1722 2441 schema

58 2471 94 2500 et
113 2464 200 2510 finis
222 2462 405 2498 nominum
428 2463 477 2497 sit
500 2472 605 2504 unus,
630 2463 775 2497 ultimas
795 2466 914 2498 tamen
934 2464 1117 2498 nominum
1138 2462 1300 2508 syllabas
1321 2462 1428 2497 aliter
1445 2462 1500 2498 illc·
1517 2462 1722 2503 declinant;

59 2533 127 2556 noe
150 2529 305 2565 namque
328 2517 466 2553 nocitus
490 2518 593 2564 apud
615 2529 676 2554 eos
700 2519 910 2565 appellatur
934 2523 969 2555 et
993 2520 1116 2555 abram
1141 2519 1312 2554 abramus
1335 2518 1406 2553 Lat
1510 2514 1676 2561 *αὕτιῦν,
1700 2532 1724 2554 ν

60 2578 143 2614 add.
167 2588 214 2611 m.
242 2579 257 2610 1
283 2575 323 2609 M
417 2577 454 2608 11
481 2573 632 2611 *νώεοσ
656 2575 709 2610 SP
809 2575 862 2617 τέ]
886 2575 929 2621 γε’
952 2576 1116 2611 MSPLE
1216 2572 1315 2620 τήρει
1338 2574 1487 2618 MPLE,
1512 2574 1596 2610 fort.
1621 2577 1721 2610 recte

174 2634 216 2667 13
241 2627 417 2674 *λ’άμου]
439 2633 546 2676 χαμᾶ
568 2631 599 2666 L
725 2627 875 2676 α’μανοῦ
897 2632 962 2667 RO
1088 2635 1130 2666 14
1155 2626 1308 2677 *ὀρέων
1332 2631 1489 2665 Eustath
1621 2633 1724 2677 *γῆν

58 2690 169 2726 iterat
190 2688 230 2723 M
321 2682 482 2724 *αὖτοῖσ
505 2688 536 2722 L
561 2683 676 2734 αὐτὴν
699 2688 858 2724 Eustath
951 2684 1146 2735 *ἔτραπτο
1166 2687 1231 2721 Ro
1257 2686 1446 2733 τέτραπτο
1470 2686 1629 2723 Eustath

0 2774 1 2780 ,
62 2749 101 2781 17
128 2741 462 2791 *μεταβάλλουσαι
486 2744 526 2779 Μ
616 2748 983 2792 μεταρυθμισθεῖσαι
1007 2743 1176 2779 RMPLE
1201 2746 1578 2790 μεταριθμυσθεῖσαι,
1602 2757 1624 2780 v
1646 2744 1685 2779 in
1709 2760 1722 2780 ι

62 2812 153 2837 corr.
169 2801 198 2836 Ο
215 2803 616 2848 μεταρρυθμισθεῖσαι,
640 2817 652 2837 ι
669 2812 714 2836 ex
731 2817 752 2848 η
777 2812 868 2837 corr.
883 2801 935 2837 SP
1027 2796 1252 2845 τυγχάνουσι
1265 2799 1439 2834 ROMLE
1532 2802 1572 2835 18
1599 2794 1723 2846 ὀλίγοι

61 2875 108 2882 -
133 2858 173 2892 19
197 2851 409 2903 ὑπάρχουσι
434 2867 501 2892 om.
527 2857 775 2893 ROMLELat
871 2859 1003 2903 *χαμᾱ
1026 2856 1056 2890 L
1157 2857 1395 2898 *Χουσαῖον1
1418 2857 1623 2902 χουσαίων,
1649 2857 1723 2892 αίω

64 2922 156 2948 corr.
180 2921 226 2946 m.
254 2914 270 2948 1
296 2922 342 2947 ex
367 2925 412 2949 ον
435 2916 477 2949 ut
505 2914 580 2948 uid.
605 2914 645 2948 M
667 2916 813 2959 χοῦσον
843 2915 932 2959 (χοῦ
955 2923 1000 2947 ex
1021 2913 1095 2958 χρῦ
1119 2921 1211 2947 corr.
1238 2912 1276 2955 S)
1301 2911 1354 2947 SP
1384 2911 1495 2948 ebuso
1521 2911 1593 2949 Lat
1618 2909 1725 2954 Χοὺς

63 2968 222 3005 Eustath

1748 661 1828 702 129

1751 1137 1832 1177 130

1753 1543 1828 1583 131
