2091 3418
32 936 69 970 10

31 1274 68 1308 15

567 202 728 247 ANTIQ.
754 201 848 238 IUD.
875 201 891 236 1
917 205 1004 237 3—8
1028 205 1291 245 (1·nooau.1.2)
1733 205 1758 240 5

98 319 243 376 γραφῇ
274 315 461 373 δηλούσῃ
493 317 772 371 περιλαβεῖν·
811 315 1004 366 πολλοῖς
1042 317 1088 359 δὲ
1125 321 1350 374 χρησίμων
1389 319 1579 373 μέγεθος
1616 334 1758 374 πραγ-

96 385 246 442 μάτων
279 383 322 426 ἰν
354 379 510 440 ἀγνοίᾳ
539 387 751 438 κειμένων
777 383 1033 439 προύτρεψε
1062 383 1140 441 τὴν
1162 387 1265 442 περὶ
1289 380 1432 428 αὐτῶν
1465 385 1664 441 ἱστορίαν
1695 385 1757 435 εἰς

97 451 243 510 κοινὴν
273 447 493 508 ὠφέλειαν
525 450 772 507 ἐξενεγκεῖν.
831 451 999 494 τούτων
1041 452 1089 509 δὴ
1123 455 1210 495 τῶν
1241 456 1571 510 προειρημένων
1603 453 1757 496 αἰτιῶν
1779 457 1803 494 4

98 520 144 564 αἱ
182 521 430 562 τελευταῖαι
469 518 544 561 δύο
591 514 724 573 κάμοι
768 519 1083 576 συμβεβήκασι·
1129 519 1205 563 τὸν
1252 521 1331 574 μὲν
1385 520 1467 576 γὰρ
1507 520 1620 576 πρὸς
1655 519 1759 571 τοὺς

95 586 329 643 Ῥωμαίους
360 586 556 641 πόλεμον
588 584 689 643 ἧμῖν
722 596 815 637 τοῖς
841 584 1070 637 Ἰουδαίοις
1089 587 1320 643 γενόμενον
1350 590 1421 631 καὶ
1454 587 1533 638 τὰς
1564 587 1608 630 ἐν
1640 584 1758 644 αὐτῷ

97 655 280 712 πράξεις
318 656 391 698 καὶ
429 653 478 697 τὸ
514 656 639 705 τέλος
680 654 773 697 οἷον
815 650 959 712 ἀπέβη
996 658 1131 712 πείρᾳ
1165 654 1328 710 μαθών
1364 655 1581 713 ἐβιάσθην
1617 655 1759 714 ἐκδιη-

95 722 324 780 γήσασθαι
364 721 438 766 διὰ
475 722 577 772 τους
618 722 662 765 ἐν
699 724 762 778 τῷ
799 723 986 780 γράφειν
1027 724 1369 777 λυμαινομένους
1405 721 1484 779 τὴν
1529 719 1757 779 ἀλήθειαν,

97 795 136 834 2.
186 790 346 848 ταύτην
398 790 444 833 δὲ
495 789 573 846 τὴν
624 789 868 833 ἐνεστῶσαν
918 789 1235 846 ἐγκεχείρισμαι
1284 794 1590 847 πραγματείαν
1636 795 1760 845 νομί·
1783 795 1806 833 5

98 858 180 911 ζων
225 852 370 901 ἅπασι
406 861 654 915 φανεῖσθαι
690 867 785 909 τοῖς
817 853 1020 915 Ἕλλησιν
1060 853 1187 908 ἀξίαν
1232 858 1449 913 σπουδῆς
1493 859 1643 912 μέλλει
1679 857 1761 914 γὰρ

98 926 317 983 περιέξειν
357 920 538 968 άπασαν
577 925 655 983 την
697 921 806 982 παρ’
842 923 945 982 ἡμῖν
984 921 1294 981 ἀρχαιολογίαν
1333 927 1407 968 καὶ
1446 925 1646 976 διάταξιν
1683 928 1761 968 τοῦ

98 994 424 1048 πολιτεύματος
455 992 499 1036 ἐκ
528 995 617 1036 τιῦν
633 990 870 1048 Ἑβραῐκιῦν
899 996 1319 1051 μεθηριιηνειμένην
1348 993 1630 1050 γραμμάτων.
1680 989 1809 1050 ἤδηὸ

97 1063 176 1118 μὲν
208 1061 283 1105 οὖν
313 1063 386 1104 καὶ
418 1061 634 1118 τρότερον
666 1056 963 1119 διενοήθην,
948 1057 1022 1104 ότε
1051 1060 1155 1104 τὸν
1149 1061 1345 1116 ιόλεμον
1368 1064 1652 1118 συνέγραφον,
1685 1061 1761 1118 δη-

99 1132 241 1173 λῶσαι
270 1133 386 1179 τίνες
424 1145 547 1179 οντες
584 1128 631 1180 ἐξ
671 1124 802 1186 ἀρχῆς
836 1124 1043 1173 Ἰουδαῖοι
1081 1131 1154 1172 καὶ
1192 1132 1285 1172 τίσι
1315 1128 1582 1186 χρησάμενοι
1611 1128 1761 1183 τύχαις

99 1193 180 1255 ὑφ’
218 1198 298 1253 οἵῳ
336 1213 383 1239 τε
421 1197 742 1247 παιδευθέντες
782 1199 1003 1253 νομοθέτῃ
1042 1197 1097 1239 τὰ
1146 1195 1261 1253 πρὸς
1307 1192 1530 1250 εὐσέβειαν
1574 1198 1646 1240 καὶ
1683 1196 1760 1254 τὴν

99 1263 233 1323 ἄλλην
265 1262 446 1320 ἄσκησιν
478 1259 632 1320 ἀρετῆς
663 1263 833 1314 πόσους
862 1281 910 1307 τε
942 1265 1164 1319 πολέμους
1195 1263 1238 1307 ἐν
1269 1273 1451 1319 μακροῖς
1481 1264 1761 1321 πολεμήσαν-

99 1350 171 1385 τες
198 1333 372 1388 χρόνοις
402 1331 466 1382 εἷς
494 1331 572 1374 τὸν
601 1333 854 1376 τελευταῖον
878 1329 1054 1383 ἄκοντες
1079 1331 1193 1388 πρὸς
1210 1329 1447 1387 Ῥωμαίους
1475 1336 1759 1390 κατέστησαν.

100 1396 197 1444 ἀλλ’
234 1399 387 1457 ἐπειδὴ
427 1400 586 1455 μείζων
621 1391 673 1457 ἧν
711 1397 736 1456 ἡ
778 1400 906 1442 τοῦδε
944 1402 1022 1442 τοῦ
1064 1399 1192 1455 λόγου
1228 1399 1464 1456 περιβολή,
1504 1396 1598 1442 κατ’
1627 1396 1760 1443 αὐτὸν

101 1468 264 1512 ἐκεῖνον
290 1473 484 1525 χωρίσας
512 1477 611 1518 ταῖς
643 1467 780 1519 ἰδίαις
812 1463 966 1523 ἀρχαῖς
998 1463 1129 1510 αὐτοῦ
1150 1469 1221 1510 καὶ
1253 1470 1316 1523 τῷ
1336 1468 1453 1510 τέλει
1481 1466 1559 1523 τὴν
1589 1468 1761 1526 γραφὴν

103 1540 421 1593 συνεμέτρησα·
450 1536 610 1592 χρόνου
638 1536 684 1578 δὲ
715 1534 965 1591 προϊόντος,
998 1530 1109 1590 ὅπερ
1142 1536 1264 1591 φιλεῖ
1282 1543 1375 1585 τοῖς
1394 1534 1594 1590 μεγάλων
1626 1532 1762 1580 ἅπτε-

103 1608 215 1648 σθαι
254 1605 603 1658 διανοουμένοις,
653 1600 778 1654 ὄκνος
816 1619 893 1657 μοι
929 1604 1003 1645 καὶ
1040 1603 1249 1659 μέλλησις
1294 1601 1458 1657 ἐγίνετο
1501 1604 1761 1662 τηλικαυτην

100 1681 368 1728 μετενεγκεῖν
397 1669 620 1715 ὗπόθεσιν
654 1670 716 1721 εἷς
747 1667 1050 1727 ἀλλοδαπὴν
1026 1678 1130 1726 ημῖν
1150 1670 1224 1712 καὶ
1248 1668 1370 1726 ξένην
1401 1669 1628 1713 διαλέκτου
1660 1685 1760 1714 συν-

100 1739 274 1796 γ’θειαν.
319 1738 430 1796 ἠσαν
461 1740 509 1782 δέ
538 1740 743 1791 τινες,οἳ
773 1736 911 1794 πόθω
937 1740 1014 1794 τῆς
1046 1737 1244 1793 ιστορίας
1275 1733 1348 1779 ἐπ’
1376 1732 1509 1793 αυτήν
1539 1754 1594 1792 με
1623 1738 1763 1795 πρού-

99 1823 283 1863 τρεπον,
314 1809 386 1850 καὶ
423 1806 618 1861 μάλιστα
651 1805 701 1863 δὴ
736 1804 915 1848 πάντων
948 1801 1275 1862 Ἐπαφρόδιτος
1314 1799 1421 1861 ἆνήρ
1463 1800 1643 1849 άπασαν
1682 1806 1762 1861 μὲν

101 1873 222 1917 ἰδέαν
250 1874 460 1925 παιδείας
487 1869 736 1932 ἠγαπηκώς,
771 1872 1073 1931 διαφερόντως
1095 1873 1142 1915 δὲ
1159 1876 1324 1928 χαίρων
1347 1871 1601 1928 ἐμπειρίαις
1622 1890 1764 1930 πραγ-

99 1940 262 1996 μάτιον,
295 1936 372 1985 ὅτε
403 1941 453 1998 δὴ
485 1940 696 1997 μεγάλοις
724 1941 806 1993 μὲν
839 1936 970 1992 αὐτὸς
1001 1938 1219 1997 ὁμιλήσας
1249 1939 1481 1997 πράγμασι
1510 1943 1584 1984 καὶ
1614 1941 1764 1995 τύχαις

101 2009 416 2066 πολυτρόποις,
449 2009 493 2053 ἒν
525 2004 671 2053 ἅπασι
703 2009 750 2052 δὲ
779 2007 1045 2066 θαυμαστὴν
1072 2008 1247 2066 φύσεως
1278 2007 1612 2063 ἐπιδειξάμενος
1644 2008 1764 2063 ἰσχὺν

217 2189 443 2226 OSPLELat
496 2212 499 2214 -

215 2249 232 2282 1
258 2246 308 2288 δὲ]
333 2246 371 2283 δὲ
393 2247 457 2282 καὶ
483 2244 604 2281 SPLE
699 2248 718 2280 2
743 2240 921 2292 *dyvot'cc-
949 2244 973 2279 S
1065 2243 1283 2291 προέτρεψε
1305 2244 1338 2279 Ε
1430 2239 1592 2287 *cci-mh),
1619 2259 1648 2280 ω
1673 2255 1718 2279 ex
1743 2258 1763 2281 ο

971 2315 981 2335 l

101 2356 193 2383 corr.
218 2357 264 2382 m.
293 2349 308 2382 1
335 2346 364 2381 Ο
480 2349 499 2380 3
524 2340 730 2390 *ὀφέλειαν
755 2344 784 2380 Ο
901 2349 919 2380 7
945 2316 1012 2392 Ξὴν
1037 2323 1231 2392 άλήθείαοιιιι,
1256 2356 1284 2381 s.
1308 2356 1354 2381 m.
1381 2348 1400 2380 2
1424 2345 1453 2379 P
1478 2347 1523 2391 τῆ
1547 2342 1707 2391 α’ληθεία
1732 2345 1764 2380 Ε

213 2405 234 2438 8
258 2401 573 2449 *έγκεχείρισμαι]
596 2403 952 2449 προεγκεχείρισμαι
969 2402 1055 2438 SPL
1147 2406 1167 2438 9
1193 2399 1311 2446 ἀξίαν]
1337 2403 1434 2438 ἰδίαν
1450 2401 1483 2435 Ε
1576 2404 1616 2436 10
1642 2399 1765 2438 διάτα-

101 2461 167 2502 ξιν]
192 2455 259 2506 τὴν
283 2456 448 2501 διάταξιν
472 2457 593 2492 SPLE
732 2461 766 2493 11
795 2458 1170 2505 μεθερμηνευομένην
1194 2459 1223 2495 Ο
1247 2457 1596 2506 μεθερμηνευμένην
1619 2457 1652 2492 Ε

104 2518 145 2551 13
168 2510 349 2557 Ἰουδαῖοι]
375 2514 411 2551 οἳ
435 2515 594 2551 ἰουδαῖοι
618 2514 710 2549 SLE
803 2518 846 2549 14
868 2512 976 2563 *οἳ’ῳ]
1003 2512 1043 2551 o‘c'
1064 2515 1092 2550 Ο
1185 2511 1391 2562 εὐσέβειαν]
1421 2511 1488 2559 τὴν
1513 2509 1708 2560 εὐσέβειαν
1730 2514 1764 2548 Ε

217 2574 258 2607 15
284 2571 440 2618 ἄσκησιν
463 2566 610 2618 άρετῆς]
635 2572 705 2615 τῆσ
729 2566 870 2618 οἷρετῆσ
893 2567 1051 2617 ἄσκησιν
1071 2571 1104 2606 Ε
1199 2575 1238 2606 17
1264 2568 1401 2616 ἐπειδὴ]
1425 2569 1507 2606 ἐπεὶ
1532 2569 1653 2605 SPLE

104 2619 148 2673 ἦν
171 2637 238 2662 om.
265 2628 294 2662 Ο
409 2629 479 2663 τοῦ
502 2637 570 2662 om.
597 2625 626 2661 Ο
740 2621 862 2663 *καθ’
889 2625 1007 2663 αὑτὸν
1037 2624 1096 2669 (αὖ
1121 2639 1165 2663 ex
1189 2623 1235 2664 αὖ
1265 2638 1358 2663 corr.
1383 2627 1424 2669 P)
1449 2626 1534 2661 SPL
1630 2629 1669 2661 18
1692 2640 1765 2673 χω·

106 2679 226 2730 ρήσασ
251 2683 314 2719 ΟΕ
475 2679 616 2729 α’ρχαῖσ
647 2678 764 2719 αὐτοῦ
791 2685 837 2718 tr.
864 2683 897 2718 E
1013 2685 1054 2718 20
1079 2681 1242 2720 *ὅκνοισ
1264 2684 1303 2719 S¹
1418 2682 1600 2728 *μέλησισ
1623 2681 1652 2718 Ο

106 2740 145 2774 21
173 2739 255 2782 *εἰς
268 2760 311 2765 —
326 2736 537 2786 συνήθειαν]
563 2740 601 2773 in
625 2749 691 2773 usu
715 2744 915 2775 extraneae
939 2740 1074 2786 quippe
1098 2739 1245 2786 linquae
1264 2744 1299 2774 et
1319 2751 1342 2774 a
1360 2744 1487 2774 nostra
1508 2739 1766 2774 consuetudine

99 2796 320 2841 peregrinae
343 2796 416 2832 Lat
506 2795 649 2841 *ξένην]
675 2795 783 2842 ξένησ
806 2796 894 2832 SPL
1003 2799 1045 2830 22
1070 2797 1194 2838 *τινες
1219 2806 1286 2830 om.
1312 2795 1384 2830 Lat
1475 2797 1519 2830 24
1541 2789 1766 2842 *διαφερόν-

108 2906 178 2930 τοσ
203 2894 232 2930 Ο
345 2897 503 2942 χαίρων]
519 2863 658 2943 (ἓξ-ρων
682 2896 714 2931 Ε
827 2894 1078 2944 *ἐμπειρίαις]
1111 2897 1315 2942 coqnitione
1338 2896 1409 2932 Lat
1523 2899 1565 2932 26
1590 2893 1767 2943 *φύσεως

109 2947 396 2995 ἐπιδειξάμενος]
420 2950 702 2997 ἐπιδειξάμενοσ
725 2949 878 2996 φύσεωσ
903 2948 1054 2998 άγαθῆσ
1078 2952 1162 2988 SPL
