2091 3418
527 163 688 206 ANTIQ.
715 163 810 199 lUD.
837 163 884 199 IV
911 166 1088 199 242-246
1111 166 1184 207 (vm
1201 170 1252 197 22.
1269 168 1323 206 23)
1670 164 1750 202 273

99 274 188 334 ἅμα
216 287 314 329 ταῖς
345 275 407 327 εἰς
436 276 537 327 τοὺς
570 280 768 325 Λευίτας
809 279 876 319 καὶ
911 276 988 327 τὰς
1028 274 1211 331 εὐωχίας
1253 273 1531 334 ἆπενιινοχως
1568 273 1748 320 ἀπιέναι

96 347 230 402 μέλλῃ
255 344 368 400 πρὸς
390 340 521 386 αὑτὸν
544 344 704 395 οἴκαδε,
735 344 841 394 στὰς
864 340 1036 399 ἀντικρὺ
1059 347 1134 386 τοῦ
1156 349 1471 399 τεμενίσματος
1493 342 1748 402 εὐχαριστη-

100 413 220 456 σάτω
250 413 329 467 μὲν
358 414 420 468 τῷ
452 414 561 467 θεῷ,
593 407 659 454 ὅτι
692 414 769 468 τῆς
800 408 882 454 ἀπ’
918 412 1183 467 Αἰγυπτίων
1215 410 1372 462 αὐτοις
1404 407 1567 467 ἰῗβρεοις
1599 410 1746 455 ἀπαλ-

101 481 233 532 λάξας
262 482 339 537 γῆν
372 475 520 529 αὗτοῖς
552 476 726 535 ἀγαθὴν
758 482 826 522 καὶ
851 479 1019 536 πολλὴν
1050 480 1179 522 ἴὸωκε
1203 482 1503 534 καρποῦσθαι,
1524 481 1747 537 μαρτυρά-
1780 485 1860 525 243

46 557 66 589 5
95 564 225 602 μενος
257 548 303 590 δὲ
333 544 393 596 ιῦς
422 546 501 597 τάς
539 563 586 589 τε·
626 547 809 598 δεκάτας
846 547 954 589 κατὰ
986 547 1087 597 τοί-ς
1119 550 1338 596 ,Μωυσέος
1369 549 1556 591 τελέσειε
1592 549 1750 603 νόμους

98 615 361 672 αἰτησάσθω
393 613 470 656 τὸν
502 613 611 657 θεὸν
644 610 797 670 εἶμενι]
826 617 895 657 καὶ
928 615 1057 657 ἵλεων
1088 612 1203 670 αὐτῷ
1237 614 1310 657 oze}
1334 615 1500 665 παντὸς
1532 614 1642 659 εἶναι
1675 619 1747 659 καὶ

95 685 216 739 κοινῇ
248 684 387 725 πᾶσιν
412 679 628 737 Ἑβραίοις
664 683 897 736 διαμένειν,
932 682 1208 739 φυλάττοντα
1229 683 1308 735 μὲν
1340 681 1366 723 α’
1390 683 1575 726 ὸέ’ὸ“ωκεν
1599 681 1749 734 αὐτοῖς

96 746 247 805 ἀγαθὰ
279 750 650 807 προσκτήσασθαι
684 750 727 791 δὲ
760 746 844 792 ὅσα
875 749 1055 792 δύναται
1083 749 1361 804 χαρίζεσθαι.

208 822 274 862 23.
308 821 596 871 Γαμείτωσαν
628 817 670 859 δὲ
706 816 748 859 ἐν
781 812 874 874 ὥρᾳ
909 817 1049 872 γάμου
1088 816 1314 871 γενόμενοι
1345 821 1600 872 παρθένοι-ς
1631 819 1748 862 ἐλευ-
1780 823 1861 862 244

28 894 64 928 10
93 889 233 942 θέρας
253 889 414 942 γονέων
437 882 632 941 άγαθιῦν,
665 882 687 927 ὁ
713 885 757 927 δὲ
779 883 835 941 μὴ
859 887 1029 938 μέλλων
1059 882 1250 940 ἄγεσθαι
1286 888 1517 940 παρθένον
1547 886 1605 943 μὴ
1631 887 1749 943 ζει-γ-

95 954 247 997 νύσθω
280 956 564 996 συνοικοῦσαν
587 950 704 1008 ἄλλῳ
728 949 946 1002 νοθεύσας
965 951 1074 1009 μηδὲ·
1097 953 1246 994 λυπιῦν
1267 951 1343 994 τὸν
1365 953 1582 1010 πρότερον
1616 953 1750 1011 αὐτῆς

96 1019 254 1077 ἄνδρα·
279 1021 438 1070 δούλας
460 1021 505 1063 δὲ
526 1019 583 1076 μὴ·
607 1023 850 1076 γαμεῖσθαι
870 1029 965 1070 τοῖς
988 1019 1252 1076 ἐλευθέροις,
1273 1016 1378 1077 μηδ’
1407 1014 1458 1063 ἂν
1482 1017 1561 1063 ὑπ’
1588 1021 1750 1077 ἔρωτος

96 1087 211 1170 πρὸς
240 1089 368 1131 τοῦτο’
401 1104 517 1137 τινες
539 1087 833 1142 ἐκβιάζωνται,
856 1097 1028 1142 κρατεῖν
1061 1088 1107 1130 δὲ
1136 1090 1212 1144 τῆς
1235 1087 1482 1142 ἐπιθυμίας
1513 1088 1561 1132 τὸ
1596 1086 1751 1160 εὐπρε-

96 1157 179 1206 πὲς
215 1174 286 1199 και
328 1165 421 1206 τοῖς
463 1152 683 1210 ἀξιώμασι
725 1154 997 1212 πρόσφορον.
1058 1156 1122 1198 ε’τι
1161 1155 1268 1212 μηδὲ
1308 1153 1600 1214 ἡταιρημένης
1639 1155 1752 1200 εἶναι
1784 1161 1865 1201 245

4 1233 66 1266 15
96 1224 248 1280 γάμον,
283 1240 331 1280 ης
363 1220 424 1266 δι’
461 1219 584 1278 ὕβριν
604 1225 681 1265 τοῦ
704 1222 908 1277 σώματος
936 1223 1016 1274 τὰς
1047 1222 1123 1266 ἐπι
1151 1226 1213 1279 τοῖ
1243 1223 1369 1280 γάμῳ
1390 1227 1557 1274 θισίας
1587 1221 1609 1267 ὁ
1643 1224 1753 1275 θεὸς

4 1282 6 1295 ³
98 1288 173 1334 οὐκ
205 1309 257 1334 αν
288 1300 524 1346 προσοῖτο·
556 1294 725 1346 γε’νοιτο
756 1290 838 1347 γὰρ
871 1309 923 1333 αν
955 1286 1068 1333 ου’τιο
1099 1293 1186 1334 τιῦν
1208 1292 1384 1334 παίδων
1413 1290 1467 1334 τὰ
1492 1292 1753 1349 φρονίματα

97 1359 329 1414 ἓλευθερια
359 1361 428 1401 καὶ
462 1358 575 1414 πρὸς
607 1354 762 1415 ἀρετὴν
793 1356 945 1414 ὄρθια,
978 1358 1017 1401 εἰ
1046 1358 1104 1416 μὴ
1137 1358 1304 1412 τύχοιεν
1337 1376 1381 1401 εκ
1410 1359 1562 1414 γάιιιον
1594 1359 1753 1417 φύντες

97 1427 309 1482 αἰσχριῦν,
341 1422 445 1484 μηδ’
489 1425 536 1476 ἐξ
572 1425 818 1480 ἐπιθυμίας
858 1422 933 1469 οὐκ
972 1425 1228 1483 ἐλευθερίας
1267 1427 1584 1471 συνελθόντων.
1711 1428 1753 1470 εἲ
1781 1432 1863 1471 246

211 1531 231 1571 ξ
258 1529 322 1562 242
348 1543 390 1554 --
414 1527 609 1562 Deuteron.
634 1527 753 1561 XXVI
779 1530 814 1570 53
841 1528 861 1571 ξ
887 1504 952 1562 241
977 1546 1020 1557 =
1037 1528 1232 1562 Deuteron.
1258 1527 1361 1562 XXII
1388 1504 1584 1571 22,⁴I2e1ssit.
1604 1528 1690 1563 XXI
1718 1532 1755 1572 ῖς

96 1588 118 1629 ξ
145 1589 210 1621 245
235 1603 277 1615 ==
301 1584 497 1619 Deuteron.
523 1582 645 1618 XXIII
670 1587 700 1618 2.

208 1684 507 1722 ROMSPLELat

215 1746 229 1776 1
258 1741 321 1783 εἰς]
346 1739 405 1776 ἐπὶ
421 1740 444 1775 S
515 1736 685 1786 εὐωχίας]
712 1736 876 1787 εὖωχίασ
900 1746 988 1776 ταῖσ
1012 1736 1206 1787 ιῖπαρχαῖσ
1221 1740 1347 1775 MSPL
1367 1737 1526 1786 εὐωχίας
1542 1737 1610 1782 τὰς
1634 1736 1757 1788 ἄπαρ-

93 1796 166 1846 χὲις
180 1797 344 1833 Bernard
370 1792 530 1842 εὐωχίας
554 1791 745 1844 α’παρχαῖς
759 1797 904 1833 Bekker
982 1792 1142 1838 ἀπιέναι]
1158 1797 1189 1831 Ε
1218 1792 1369 1833 α’πεῖναι
1383 1797 1488 1832 codd.
1561 1799 1580 1830 2
1597 1797 1755 1841 *μέλλοι

97 1855 131 1891 R
154 1855 261 1900 μέλοι
286 1853 314 1888 Ο
339 1852 463 1898 μέλλη,
489 1868 509 1899 η
532 1852 556 1886 i.
581 1864 652 1888 ras.
678 1864 722 1888 m.
751 1856 769 1888 2
796 1854 818 1889 S
842 1853 966 1898 μέλλει
990 1853 1052 1888 PL
1189 1849 1307 1890 αὐτὸν
1329 1853 1538 1889 ROMSP¹L
1565 1850 1700 1890 ἑαυτὸν
1725 1854 1757 1888 Ε

210 1906 376 1956 ἀντικρὺ]
400 1906 578 1954 ι’ίντικρυσ
601 1909 674 1944 ΜΕ
699 1905 736 1946 δ’
761 1905 939 1956 α’ντικρὺσ
962 1909 992 1944 L
1090 1911 1410 1954 *τεμενίσματοσ,
1433 1923 1481 1954 με
1505 1921 1533 1944 s.
1559 1921 1652 1945 man.
1681 1914 1699 1945 2
1728 1910 1756 1945 Ο

210 1963 476 2012 εὐχαριστείτω
501 1966 533 1999 Ε
626 1969 645 2000 3
671 1966 740 2011 μὲν
764 1977 831 2002 om.
856 1966 884 2001 P
978 1970 999 2000 4
1024 1963 1343 2013 *μαρτυρόμενοσ
1366 1966 1430 2001 RO
1525 1970 1543 2000 5
1569 1966 1607 2002 δὲ
1632 1977 1660 2001 s.
1677 1977 1722 2001 m.
1739 1968 1758 2000 2

97 2024 136 2059 M
228 2025 282 2064 τε]
307 2022 345 2058 δὲ
368 2021 396 2056 Ρ
501 2019 670 2065 δεκάτας]
695 2021 858 2059 δεκάτασ
881 2025 945 2058 καὶ
969 2015 1088 2059 τᾶλλα
1113 2022 1145 2057 Ε
1250 2020 1349 2065 τοὺς]
1375 2025 1443 2059 τοῦ
1468 2022 1549 2056 ΟἘ
1573 2019 1666 2058 τοὺσ
1691 2023 1759 2059 τοῦ

96 2079 145 2115 0²
258 2077 443 2123 μωῦσέωσ
466 2078 560 2113 MSP
585 2078 747 2124 μωσέωσ
771 2079 803 2113 Ε
918 2078 1134 2115 *τελέσειεν
1158 2078 1260 2114 SP¹L
1376 2082 1395 2113 6
1417 2076 1508 2114 ἵλεω
1533 2077 1667 2114 ROS¹P

97 2140 115 2170 ’ἲ
143 2132 393 2181 φυλάττοντα]
418 2139 527 2180 atque
549 2141 669 2170 seruet
691 2135 763 2170 Lat
832 2135 1003 2177 δέδωκεν]
1028 2132 1166 2171 ἔδωκεν
1187 2135 1313 2171 MSPL
1385 2138 1403 2170 8
1427 2132 1757 2180 προσκτήσασθαι]

96 2188 346 2239 προσκτήσασ
376 2190 404 2224 Ρ
436 2196 471 2225 et
501 2190 612 2225 addat
645 2192 733 2235 Lat,
769 2193 865 2227 unde
895 2189 1189 2239 προσκτήσαντα
1225 2192 1389 2227 Bernard
1527 2194 1547 2225 9
1572 2190 1608 2226 δ’
1635 2191 1667 2225 Ε

100 2251 141 2283 10
165 2243 409 2293 *ζευγνύσθω
425 2266 433 2274 -
452 2265 460 2273 ·
477 2266 484 2273 -
513 2247 536 2282 S
561 2249 819 2294 *ζευγνείσθω
843 2248 873 2282 L
1013 2252 1050 2283 11
1078 2245 1624 2289 *συνοικοῦσαν-νοθεύσας]
1649 2259 1758 2293 quam

96 2336 282 2372 discedere
304 2335 421 2370 suasit
443 2336 487 2371 ab
513 2336 585 2371 alio
610 2336 682 2372 Lat
795 2335 933 2386 *ἄλλῳ]
960 2317 1085 2375 ἄλλαῗν
1110 2350 1136 2374 s.
1162 2349 1207 2372 m.
1235 2340 1254 2372 2
1277 2337 1306 2372 Ο
1413 2334 1639 2379 *ιὀθεύσας]
1665 2350 1758 2384 παρ-

383 2393 567 2427 λιποῦσαν

99 2438 216 2475 θένον
231 2437 272 2474 Μ
363 2439 491 2471 λυπῶν
582 2447 608 2472 s.
623 2448 669 2472 m.
685 2441 704 2472 2
719 2438 748 2473 Ο
844 2441 883 2472 12
908 2434 1014 2481 *πῖ-π’]
1035 2435 1100 2476 ἐπ’
1123 2440 1153 2474 L
1244 2434 1342 2476 *ὑπ’
1360 2436 1514 2486 ἔρωτος]
1537 2434 1760 2485 ὗπέροπτοσ

98 2494 165 2530 Ro
247 2496 288 2528 13
313 2489 438 2539 *πρὸς
462 2502 529 2527 om.
555 2491 619 2528 RO
700 2490 808 2530 τινὸσ
831 2494 863 2529 Ε
945 2493 1207 2542 ἐκβιάζωνται]
1231 2493 1529 2542 ἐγκωμιάζονται
1546 2494 1610 2530 ΒΟ
1635 2493 1760 2542 ἐκβιά-

100 2552 231 2594 ζονται
255 2549 286 2584 L
311 2545 548 2595 ἐκβιάζοιντο
575 2549 607 2583 Ε
712 2546 916 2597 εὐπρεπὲς]
942 2548 1114 2599 ἅπρεπὲσ
1140 2551 1169 2586 O
1288 2555 1329 2586 14
1353 2548 1417 2593 ἔτι]
1442 2549 1495 2587 ἔτι
1521 2551 1559 2588 δὲ
1584 2552 1669 2587 SPL

99 2601 216 2652 *μηδ’
242 2605 295 2641 SP
387 2600 678 2652 *ἡταιρισμένησ
702 2606 731 2641 Ο
756 2603 1038 2654 ἡιταιρημένησ,
1064 2621 1085 2644 τ
1108 2608 1132 2642 i.
1157 2618 1228 2643 ras.
1255 2608 1278 2643 S
1351 2611 1391 2642 16
1417 2611 1618 2654 προσοῖτο]
1643 2605 1762 2655 πρόσ-

100 2707 186 2731 οιτο
212 2694 339 2729 RMSP
364 2672 546 2743 updaeotfco
572 2695 600 2732 Ο
723 2693 800 2733 *ἄν
824 2699 919 2742 (post
941 2693 1028 2743 γὰρ)
1053 2708 1120 2733 om.
1145 2697 1175 2732 L
1305 2701 1343 2732 17
1371 2696 1580 2744 *ἐλεύθερα
1604 2697 1668 2732 Ro

103 2750 248 2785 *καὶ-
263 2747 380 2797 ὄρθια
405 2761 472 2786 om.
497 2752 560 2787 Ro
660 2749 737 2798 *μὴ
764 2763 831 2788 om.
856 2752 885 2787 P
990 2755 1028 2788 18
1054 2753 1261 2798 *αἰσχρῶν]
1287 2749 1357 2789 οὐκ
1381 2753 1557 2800 αἰσχρῶν,
1583 2749 1652 2790 οὐκ
1676 2755 1759 2789 add.

102 2816 148 2840 m.
165 2808 184 2840 3
208 2805 237 2840 P
328 2805 369 2850 ἐξ
390 2819 456 2843 om.
475 2808 498 2844 S
589 2807 791 2854 ἐπιθυμίας
815 2804 896 2850 οὐκ]
921 2808 1113 2853 ἐπιθυμίαι
1142 2805 1221 2850 ὀυκ,
1244 2809 1313 2844 litt.
1340 2805 1403 2845 αιό
1429 2821 1520 2845 corr.
1547 2821 1591 2845 ex
1615 2823 1678 2846 αισ
1702 2811 1761 2846 uel

104 2874 154 2898 ασ
177 2862 201 2897 S
294 2858 373 2905 οὐκ]
401 2859 470 2900 οὐκ
491 2862 533 2907 ἐξ
550 2864 603 2900 SP
693 2864 923 2911 ἐλευθερίας]
948 2863 1144 2912 ἐλευθερία
1169 2865 1240 2900 ML
1266 2866 1422 2912 leqitz'me
1444 2867 1515 2901 Lat
1539 2865 1761 2914 ἐλευθερίως

101 2918 196 2954 coni.
290 2917 368 2962 *εἷἿ
391 2919 425 2956 εἰ
446 2920 484 2956 δέ
508 2921 531 2956 S

172 2979 310 3014 Iosephus
329 2982 350 3007 1.
1448 2981 1488 3013 18
