2091 3418
21 976 61 1010 10

18 1650 55 1684 20

577 249 737 293 ANTIQ.
763 250 860 285 IUD.
887 251 917 286 V
944 254 1076 286 71-ἵῦ
1101 255 1192 290 (¹20.
1211 257 1265 292 21)
1671 251 1749 290 307

89 366 187 412 κίας
217 358 278 406 δι’
306 358 560 417 ἀπόγνωσιν
590 365 665 404 τοῖ’
698 363 860 416 λαβεῖν,
892 364 963 405 καὶ
994 362 1076 418 γὰρ
1109 360 1182 405 ἐπ’
1209 359 1386 419 ὀλέθρῳ
1417 367 1479 419 vg]
1511 364 1677 407 ἑαυτῶν
1707 382 1748 408 οι

90 435 338 473 Χαναναῖοι
371 428 597 483 μαθόντες
617 428 718 479 τοῖς
745 425 1016 486 Ἰσραηλίτας
1047 434 1375 487 ποιησαμένους
1396 431 1442 485 11}
1454 450 1473 473 ν
1505 432 1655 482 ἔξοδον
1676 431 1753 489 τὴν

90 493 174 540 ἀπ’
200 496 438 552 Αἰγύπτου
473 495 586 552 πρὸς
616 499 677 552 τῷ
700 496 778 547 τὰς
811 497 965 547 πόλεις
993 497 1206 552 καρτερὰς
1228 508 1375 541 ποιεῖν
1399 498 1560 541 ἐκεῖνον
1583 495 1749 542 ἅπαντ’

91 555 201 621 ἦσαν
235 564 312 607 τὸν
349 563 526 619 χρόνοι,
569 564 823 619 σιναγίἰιμὴ
855 564 929 606 τὸν
970 564 1075 606 λαὸν
1117 564 1179 615 εἰς
1219 565 1296 621 την
1327 567 1486 608 Σιλοῦν
1525 566 1753 624 ἐκκλισίαν

88 631 365 688 παρήγγειλε.
426 633 496 673 καὶ
542 632 713 687 ammon]
757 631 1094 687 σιψὸραιιόντων
1124 632 1178 674 τά
1209 649 1256 674 τε
1298 630 1372 690 ¹'J2‘5'
1417 638 1749 689 κατωρθωμένα

89 701 161 742 καὶ
192 698 272 749 τὰς
301 702 586 756 γεγενημένας
618 699 821 754 ϊράξεις,
861 696 920 749 ιῦς
952 699 1063 742 εἰσὶν
1094 696 1273 754 α’ρισται
1304 718 1376 742 και
1406 703 1483 743 τοῦ
1516 706 1644 744 θείου
1674 705 1751 745 τοῦ

89 765 395 821 παρασχόντος
427 763 561 816 αι’·τὰς
593 763 714 817 ἄξιαι
745 769 815 810 καὶ
842 769 915 823 τῆς
947 763 1102 823 άρετης
1122 769 1210 809 τῶν
1232 767 1378 820 νόμιον
1401 767 1466 818 οἷς
1487 771 1751 812 κατακολου-

88 835 250 876 θοῦσιν
291 833 429 889 ἔλεγε,
469 835 669 888 βασιλεῖς
699 851 746 877 τε
777 834 1011 889 τριάκοντα
1050 836 1120 876 καὶ
1163 834 1237 876 (ε’να
1267 835 1571 891 τολμήσαντας
1603 832 1752 887 αὐτοῖς

90 900 152 952 εἰς
178 909 328 955 χεῖρας
359 901 509 944 ἐλθεῖν
540 904 835 958 κεκρατῆσθαι
868 902 1010 958 ὸηλιῦν
1040 904 1110 944 καὶ
1144 902 1355 955 στρατιὰν
1386 898 1466 959 ὅση
1508 904 1618 945 ποτὲ
1649 921 1751 946 κατ-

89 969 312 1011 ελπίσασα
354 971 430 1024 τῆς
471 966 614 1011 αι’-τών
655 969 880 1023 δυνάμεως
918 969 980 1020 εἰς
1018 969 1157 1026 μάχην
1198 972 1392 1025 συνῆψεν
1435 966 1615 1014 ἅπασαν
1654 972 1751 1015 ὁια-

89 1039 358 1092 φθαρεῖσαν,
390 1033 450 1086 (ὃς
481 1037 590 1092 μηδὲ
620 1035 770 1092 γενεὰν
803 1033 951 1087 αὐτοῖς
984 1035 1326 1093 ὑπολελεῖφθαι.
1377 1039 1464 1080 τῶν
1496 1039 1541 1080 ὁὲ
1573 1039 1748 1082 πόλεων

88 1102 331 1160 ἐπειδήπερ
365 1104 408 1145 αἱ
440 1104 519 1157 μὲν
550 1103 819 1155 ἑαλώκεσαν,
861 1104 975 1160 πρὸς
1015 1104 1066 1154 ἃς
1098 1105 1144 1147 δὲ
1177 1105 1243 1147 ὸέῖ
1269 1104 1427 1159 χρόνοι·
1458 1108 1530 1149 καὶ
1561 1106 1752 1164 μεγάλης

88 1172 350 1224 πολιορκίας
382 1169 455 1213 διὰ
487 1170 532 1226 τι]
545 1189 564 1212 ν
594 1174 682 1214 τιῦν
712 1174 867 1225 τειχῶν
906 1169 1148 1252 ὀχυρότητα
1178 1174 1250 1214 καὶ
1281 1171 1358 1227 τὴν
1391 1171 1466 1215 ἐπὶ
1497 1173 1630 1230 ταύτῃ
1662 1176 1751 1216 τῶν

88 1237 329 1295 οικητόρων
369 1254 441 1280 πε
439 1241 672 1315 τοίθηισιι,
713 1235 836 1295 ἠξίου
866 1255 968 1289 τοις
1008 1238 1052 1281 ἐκ
1090 1242 1166 1295 τῆς
1206 1243 1397 1293 περαίας
1426 1242 1504 1283 τοῦ
1529 1236 1750 1295 Ἰορδάνου

87 1304 494 1362 σινεξορμήσαντας
527 1302 676 1356 αίτοῑς
705 1309 779 1350 καὶ
800 1309 888 1349 τῶν
917 1305 1127 1349 κινόυνων
1149 1311 1474 1361 συναραμένους
1495 1305 1626 1359 ὄντας
1649 1323 1750 1364 συγ-

85 1382 223 1429 γενεῖς
263 1369 476 1416 ἀπολύειν
517 1370 595 1430 ἤδη
635 1373 750 1428 πρὸς
779 1373 834 1416 τὰ
876 1373 1014 1416 οἰκεῖα
1048 1373 1177 1428 χάριν
1219 1370 1369 1424 αὐτοῖς
1409 1378 1469 1418 (ὧν
1510 1378 1750 1430 σινέκαμον

86 1437 428 1496 ὁμολογοῦντας,
470 1458 545 1483 ενα
575 1457 622 1483 τε
660 1439 771 1483 κατὰ
809 1440 950 1498 φυλὴν
990 1436 1123 1497 ἆρετιῖ
1161 1441 1369 1497 προέχειν
1407 1446 1747 1501 μαρτυρηθέντα

86 1510 301 1562 πέμπειν,
344 1510 387 1550 οἳ
417 1507 494 1563 τὴν
532 1510 610 1564 γῆν
647 1505 1013 1566 ἐκμετρησόμενοι
1043 1511 1216 1558 πιστῶς
1245 1512 1317 1552 καὶ
1349 1510 1483 1567 μηδὲν
1513 1510 1749 1568 κακουργή-

87 1590 237 1626 σοντες
269 1575 543 1633 ὁηλιύσοισιν
575 1572 676 1632 ἡμῖν
708 1571 880 1626 ἀδόλως
912 1572 1044 1632 αὐτῆς
1073 1575 1123 1618 τὸ
1155 1579 1396 1631 μέγεθος“.

197 1647 265 1686 21.
309 1644 398 1685 Καὶ
421 1638 590 1700 Ἰησοῦς
620 1643 699 1696 μὲν
729 1643 909 1694 τούτους
943 1643 1244 1700 ποιησάμενος
1274 1644 1376 1695 τοὺς
1406 1645 1560 1701 λόγους
1591 1645 1747 1701 συγκά-

84 1726 235 1754 ταινον
258 1710 354 1763 ἔσχε
374 1709 424 1752 τὸ
449 1712 628 1766 πλῆθος
658 1712 729 1753 καὶ
764 1707 926 1767 ἄνδρας
946 1710 1048 1762 τοὺς
1080 1710 1477 1768 ἐκμετρησομένους
1499 1712 1576 1769 τὴν
1601 1713 1749 1769 χώραν

87 1773 229 1820 αὐτῶν
260 1776 485 1832 ἐξέπεμψε
515 1777 745 1833 παραδοὺς
787 1774 936 1829 αὐτοῖς
965 1795 1088 1829 τινας
1126 1783 1397 1834 γεωμετρίας
1436 1778 1749 1837 ἐπιστήμονας,

88 1843 162 1895 οὓς
199 1840 395 1902 τάληθὲς
434 1841 509 1888 οὐκ
549 1845 700 1900 ἔμελλε
739 1846 960 1902 λήσεσθαι
1000 1845 1074 1889 διὰ
1104 1845 1183 1902 τὴν
1221 1849 1390 1903 τέχνην,
1431 1845 1610 1897 ἐντολὰς
1649 1847 1751 1898 δοὺς

87 1907 465 1968 ἀποτιμήσασθαι
494 1915 571 1969 τῆς
592 1929 639 1955 τε
670 1909 929 1968 εὐδαίμονος
961 1913 1055 1970 ἰδίᾳ
1075 1912 1123 1956 τὸ
1147 1916 1306 1970 μέτρον
1325 1916 1403 1970 γῆς
1423 1916 1494 1957 καὶ
1516 1917 1593 1971 τῆς
1613 1911 1750 1971 ἧσσον

197 2047 275 2089 §72
294 2062 340 2074 =
359 2046 470 2081 Iosua.
493 2046 581 2081 XIII
608 2050 646 2090 13
671 2047 692 2090 ξ
719 2050 760 2082 73
777 2046 947 2082 =Iosua
965 2046 1085 2082 XXIV
1102 2050 1130 2088 1,
1155 2047 1225 2082 XII
1245 2050 1281 2091 13
1306 2049 1326 2090 ξ
1347 2050 1390 2081 74
1410 2065 1454 2078 =
1473 2047 1582 2082 Iosua
1598 2047 1748 2090 XXII1;

85 2102 107 2145 ξ
131 2104 173 2136 75
197 2117 241 2130 =
264 2102 374 2138 Iosua.
397 2102 525 2157 XVHI·
544 2105 576 2137 3.

197 2257 663 2293 ROMSPLELatZonaras
687 2258 705 2293 I
728 2269 764 2303 p.
793 2260 846 2292 80.

203 2328 217 2359 1
244 2327 325 2366 τοῦ]
350 2328 463 2361 τοῦτο
489 2324 553 2360 Ro
646 2327 665 2359 2
690 2324 970 2371 ποιησομένουσ
999 2325 1038 2359 Μ
1132 2328 1150 2359 3
1176 2321 1258 2367 ἀπ’]
1282 2321 1347 2362 ἐπ’
1371 2325 1402 2360 L
1495 2328 1561 2374 τῷ]
1586 2324 1631 2362 τὸ
1657 2326 1748 2364 ROS

83 2380 145 2415 PL
238 2375 379 2417 ἅπαντ’
404 2374 511 2426 ἦσαν]
538 2376 762 2427 α’παντῆσαν
786 2381 826 2415 Μ
918 2384 940 2416 4
964 2382 1219 2428 *συναγαγεῖν
1243 2381 1371 2418 SPLat
1463 2382 1514 2424 εἰς
1538 2379 1605 2428 τὴν
1629 2393 1696 2418 om.
1713 2383 1747 2418 E

196 2436 249 2479 εἰς
273 2434 340 2483 τὴν
365 2440 505 2473 Σιλοῦν
530 2447 597 2471 om.
622 2436 651 2471 P
754 2439 935 2478 *Σιλοῦν]
960 2437 1072 2473 siloae
1096 2438 1167 2474 Lat
1267 2442 1286 2473 5
1311 2435 1579 2485 *παρήγγειλε]
1603 2453 1748 2485 παραγ-

84 2492 204 2539 γέλλει
228 2493 282 2528 SP
368 2492 676 2540 *κατορθωμένα
697 2493 728 2527 L
809 2495 829 2526 ὃ
853 2494 976 2535 θείου]
1000 2495 1095 2530 θεοῦ
1119 2493 1174 2529 SP
1255 2497 1275 2529 9
1299 2496 1597 2541 *κεκρατεῖσθαι
1621 2495 1661 2530 Μ
1684 2498 1748 2531 καὶ

83 2553 309 2596 κρατεῖσθαι
333 2549 363 2584 L
511 2546 702 2596 στρατιὰν]
726 2549 765 2584 in
790 2549 965 2594 suppletis
990 2549 1021 2584 L
1045 2551 1252 2595 στρατείαν
1275 2550 1340 2585 Ro
1470 2553 1746 2593 κατελπίσασα]

83 2607 369 2642 κατελπίσασαν
393 2605 478 2641 S¹P¹
501 2607 708 2642 κατελπίδα
724 2625 731 2632 ·
751 2625 758 2632 ·
778 2625 784 2632 -
812 2606 853 2641 S³
925 2609 962 2639 ll
991 2601 1130 2647 αὐτοῖς]
1160 2601 1278 2651 αὗτῆσ
1300 2607 1346 2641 P2
1418 2610 1457 2642 13
1482 2608 1747 2653 *πολιορκίας]

84 2662 318 2708 oppressione
340 2662 412 2697 Lat
504 2659 570 2708 τὴν
595 2673 622 2697 s.
648 2662 688 2696 M
779 2665 927 2708 τειχῶν,
950 2675 971 2697 τ
994 2661 1019 2696 i.
1036 2672 1109 2697 ras.
1124 2673 1171 2696 m.
1190 2665 1209 2696 2
1235 2662 1258 2697 S
1351 2660 1588 2710 *ἐχυρότητα
1613 2663 1748 2699 SPZon

196 2716 258 2754 ἐπὶ
282 2728 310 2753 s.
335 2717 364 2752 P
458 2722 500 2753 14
524 2715 651 2760 *τοὺς]
676 2721 754 2754 τιῦν
777 2718 808 2752 L
903 2713 1128 2763 *Ἰορδάνου]
1154 2715 1287 2765 ἰορδάν
1310 2719 1442 2764 (suppl.
1466 2730 1561 2754 man.
1586 2730 1658 2755 rec.
1684 2730 1747 2755 an-

82 2773 184 2818 tiqua
206 2774 389 2818 scriptura
413 2777 597 2819 corrupta)
617 2774 649 2809 L
723 2777 762 2809 15
788 2774 1110 2821 *συναραμένους1
1133 2772 1395 2819 ἐναραμένουσ
1417 2774 1482 2810 Ro
1556 2779 1594 2809 17
1621 2771 1747 2820 *ὦμο-

82 2832 295 2876 λογοῦντασ
318 2830 349 2864 L
445 2833 484 2864 18
508 2827 867 2877 *ἐκμετρησόμενοι,
895 2827 915 2866 ό
941 2841 986 2865 ex
1010 2828 1040 2866 ώ
1064 2840 1157 2866 corr.
1183 2830 1207 2865 S
1231 2828 1553 2877 ἐκμετρησάμενοι
1577 2833 1670 2867 coni.

82 2885 205 2932 μηδὲν]
234 2887 361 2932 μηδενὶ
384 2885 482 2921 ROL
551 2884 882 2934 κακουργήσαντες
906 2886 998 2922 coni.
1071 2889 1111 2922 19
1137 2881 1271 2922 αὖτοῖσ
1286 2886 1320 2920 Ε
1389 2889 1432 2921 20
1457 2885 1690 2934 συγκάτενον
1712 2888 1746 2924 R

195 2944 237 2977 23
264 2937 333 2978 οὐκ
355 2941 491 2988 ἤμελλε
514 2942 555 2977 Μ
649 2945 692 2977 24
717 2939 1040 2988 ἀποτιμήσασθαι]
1067 2937 1328 2978 οἷποτίσασθαι
1352 2943 1423 2978 ML
1516 2943 1591 2994 ἰδίᾳ
1613 2941 1659 2980 τὸ
1683 2943 1745 2989 μέ-

83 3000 187 3045 τρον]
211 2993 270 3034 διὰ
295 2994 340 3034 τὸ
365 2998 506 3045 μέτρον
529 2997 595 3033 Ro
619 2995 823 3043 διάμετρον
846 2998 918 3033 ML
941 2998 979 3032 in
1003 3009 1047 3033 ea
1070 3009 1238 3034 mensura
1261 2999 1333 3035 Lat
1401 2992 1562 3045 *ἧσσον]
1586 2993 1682 3046 ἧσον
1696 2999 1746 3035 L¹

1405 3055 1475 3090 20*

1738 366 1820 408 ‘72

1768 637 1819 678 73

1767 1043 1819 1082 74

1765 1649 1817 1689 76
