<?xml version="1.0" encoding="UTF-8"?>
<!DOCTYPE html PUBLIC "-//W3C//DTD XHTML 1.0 Transitional//EN"
    "http://www.w3.org/TR/xhtml1/DTD/xhtml1-transitional.dtd">
<html xmlns="http://www.w3.org/1999/xhtml" xml:lang="en" lang="en">
 <head>
  <title>
</title>
<meta http-equiv="Content-Type" content="text/html;charset=utf-8" />
  <meta name='ocr-system' content='tesseract 3.04.00' />
  <meta name='ocr-capabilities' content='ocr_page ocr_carea ocr_par ocr_line ocrx_word'/>
</head>
<body>
  <div class='ocr_page' id='page_1' title='image "./operajosephus01joseuoft_0352.png"; bbox 0 0 2160 3439; ppageno 0'>
   <div class='ocr_carea' id='block_1_1' title="bbox 334 186 1514 233">
    <p class='ocr_par' dir='ltr' id='par_1_1' title="bbox 334 186 1514 233">
     <span class='ocr_line' id='line_1_1' title="bbox 334 186 1514 233; baseline -0.003 -6"><span class='ocrx_word' id='word_1_1' title='bbox 334 188 415 227; x_wconf 82' lang='grc'><em>262</em></span> <span class='ocrx_word' id='word_1_2' title='bbox 804 186 966 231; x_wconf 80' lang='lat' dir='ltr'><strong>ANTIQ.</strong></span> <span class='ocrx_word' id='word_1_3' title='bbox 991 186 1090 223; x_wconf 77' lang='grc' dir='ltr'><em>ΠΗ).</em></span> <span class='ocrx_word' id='word_1_4' title='bbox 1115 187 1168 224; x_wconf 88' lang='lat' dir='ltr'><em>IV</em></span> <span class='ocrx_word' id='word_1_5' title='bbox 1192 191 1369 225; x_wconf 77' lang='lat'>183—188</span> <span class='ocrx_word' id='word_1_6' title='bbox 1394 192 1469 233; x_wconf 81' lang='lat' dir='ltr'><em>(vm</em></span> <span class='ocrx_word' id='word_1_7' title='bbox 1484 192 1514 233; x_wconf 84' lang='lat'><em>2)</em></span> 
     </span>
    </p>
   </div>
   <div class='ocr_carea' id='block_1_2' title="bbox 220 291 1997 1307">
    <p class='ocr_par' dir='ltr' id='par_1_2' title="bbox 220 291 1997 1307">
     <span class='ocr_line' id='line_1_2' title="bbox 333 291 1994 360; baseline 0.003 -18"><span class='ocrx_word' id='word_1_8' title='bbox 333 303 407 345; x_wconf 80' lang='grc' dir='ltr'><em>καὶ</em></span> <span class='ocrx_word' id='word_1_9' title='bbox 437 299 561 356; x_wconf 81' lang='grc' dir='ltr'><em>παρὰ</em></span> <span class='ocrx_word' id='word_1_10' title='bbox 590 308 685 350; x_wconf 87' lang='grc' dir='ltr'><em>τοῖς</em></span> <span class='ocrx_word' id='word_1_11' title='bbox 723 291 857 350; x_wconf 69' lang='grc' dir='ltr'><em>αὖθις</em></span> <span class='ocrx_word' id='word_1_12' title='bbox 890 298 969 355; x_wconf 87' lang='grc' dir='ltr'><em>τὴν</em></span> <span class='ocrx_word' id='word_1_13' title='bbox 1010 297 1208 344; x_wconf 73' lang='grc' dir='ltr'><em>εὔκλειαν</em></span> <span class='ocrx_word' id='word_1_14' title='bbox 1246 299 1349 357; x_wconf 77' lang='grc' dir='ltr'><em>ὑμῖν</em></span> <span class='ocrx_word' id='word_1_15' title='bbox 1386 300 1596 360; x_wconf 73' lang='grc' dir='ltr'><em>ὑπάρξαι.</em></span> <span class='ocrx_word' id='word_1_16' title='bbox 1655 302 1823 347; x_wconf 83' lang='grc' dir='ltr'><em>τούτων</em></span> <span class='ocrx_word' id='word_1_17' title='bbox 1862 299 1904 347; x_wconf 85' lang='lat'><em>6&#39;</em></span> <span class='ocrx_word' id='word_1_18' title='bbox 1940 297 1994 348; x_wconf 70' lang='grc' dir='ltr'><em>ὃν</em></span> 
     </span>
     <span class='ocr_line' id='line_1_3' title="bbox 335 366 1995 427; baseline 0.002 -15"><span class='ocrx_word' id='word_1_19' title='bbox 335 369 574 426; x_wconf 73' lang='grc' dir='ltr'><em>ἐφικέσθαι</em></span> <span class='ocrx_word' id='word_1_20' title='bbox 605 367 879 424; x_wconf 79' lang='grc' dir='ltr'><em>δυνηθείητε,</em></span> <span class='ocrx_word' id='word_1_21' title='bbox 912 366 951 410; x_wconf 82' lang='grc' dir='ltr'><em>εἰ</em></span> <span class='ocrx_word' id='word_1_22' title='bbox 980 369 1067 411; x_wconf 89' lang='grc' dir='ltr'><em>τῶν</em></span> <span class='ocrx_word' id='word_1_23' title='bbox 1099 368 1245 423; x_wconf 88' lang='grc' dir='ltr'><em>νόμων</em></span> <span class='ocrx_word' id='word_1_24' title='bbox 1276 369 1351 421; x_wconf 81' lang='grc' dir='ltr'><em>οὓς</em></span> <span class='ocrx_word' id='word_1_25' title='bbox 1390 368 1777 427; x_wconf 75' lang='grc' dir='ltr'><strong><em>ὑπαγορεύσαντός</em></strong></span> <span class='ocrx_word' id='word_1_26' title='bbox 1805 388 1885 426; x_wconf 89' lang='grc' dir='ltr'><em>μοι</em></span> <span class='ocrx_word' id='word_1_27' title='bbox 1913 373 1995 416; x_wconf 83' lang='grc' dir='ltr'><em>τοῦ</em></span> 
     </span>
     <span class='ocr_line' id='line_1_4' title="bbox 332 433 1994 497; baseline 0.002 -19"><span class='ocrx_word' id='word_1_28' title='bbox 332 437 444 478; x_wconf 87' lang='grc' dir='ltr'><em>θεοῦ</em></span> <span class='ocrx_word' id='word_1_29' title='bbox 476 433 776 491; x_wconf 83' lang='grc' dir='ltr'><em>συνεταξάμην</em></span> <span class='ocrx_word' id='word_1_30' title='bbox 811 433 1018 491; x_wconf 80' lang='grc' dir='ltr'><em>κατήκοοι</em></span> <span class='ocrx_word' id='word_1_31' title='bbox 1055 436 1128 478; x_wconf 85' lang='grc' dir='ltr'><em>καὶ</em></span> <span class='ocrx_word' id='word_1_32' title='bbox 1171 435 1360 493; x_wconf 84' lang='grc' dir='ltr'><em>φύλακες</em></span> <span class='ocrx_word' id='word_1_33' title='bbox 1389 441 1597 494; x_wconf 74' lang='grc' dir='ltr'><em>γένοισθε</em></span> <span class='ocrx_word' id='word_1_34' title='bbox 1634 440 1707 481; x_wconf 84' lang='grc' dir='ltr'><em>καὶ</em></span> <span class='ocrx_word' id='word_1_35' title='bbox 1747 439 1994 497; x_wconf 76' lang='grc' dir='ltr'><em>μελετῴητε</em></span> 
     </span>
     <span class='ocr_line' id='line_1_5' title="bbox 223 498 1995 563; baseline 0.002 -16"><span class='ocrx_word' id='word_1_36' title='bbox 223 507 302 548; x_wconf 82' lang='grc'>184</span> <span class='ocrx_word' id='word_1_37' title='bbox 332 501 411 559; x_wconf 86' lang='grc' dir='ltr'><em>τὴν</em></span> <span class='ocrx_word' id='word_1_38' title='bbox 443 498 616 545; x_wconf 88' lang='grc' dir='ltr'><em>σύνεσιν</em></span> <span class='ocrx_word' id='word_1_39' title='bbox 647 498 803 545; x_wconf 73' lang='grc' dir='ltr'><em>αἰτῶν.</em></span> <span class='ocrx_word' id='word_1_40' title='bbox 865 498 1025 557; x_wconf 80' lang='grc' dir='ltr'><em>ἄπειμι</em></span> <span class='ocrx_word' id='word_1_41' title='bbox 1057 498 1098 545; x_wconf 85' lang='lat'><em>6&#39;</em></span> <span class='ocrx_word' id='word_1_42' title='bbox 1143 498 1277 554; x_wconf 74' lang='grc' dir='ltr'><em>αὐτὸς</em></span> <span class='ocrx_word' id='word_1_43' title='bbox 1311 510 1477 561; x_wconf 90' lang='grc' dir='ltr'><em>χαίρων</em></span> <span class='ocrx_word' id='word_1_44' title='bbox 1519 505 1594 550; x_wconf 86' lang='grc' dir='ltr'><em>ἐπὶ</em></span> <span class='ocrx_word' id='word_1_45' title='bbox 1633 515 1728 557; x_wconf 90' lang='grc' dir='ltr'><em>τοῖς</em></span> <span class='ocrx_word' id='word_1_46' title='bbox 1766 503 1995 563; x_wconf 76' lang='grc' dir='ltr'><em>ὑμετέροις</em></span> 
     </span>
     <span class='ocr_line' id='line_1_6' title="bbox 334 565 1995 632; baseline 0.002 -20"><span class='ocrx_word' id='word_1_47' title='bbox 334 565 526 626; x_wconf 80' lang='grc' dir='ltr'><em>ἆγαθοῖς</em></span> <span class='ocrx_word' id='word_1_48' title='bbox 555 572 916 624; x_wconf 73' lang='grc' dir='ltr'><em>παρατιθέμενος</em></span> <span class='ocrx_word' id='word_1_49' title='bbox 946 567 1061 625; x_wconf 75' lang='grc' dir='ltr'><em>ὑμᾶς</em></span> <span class='ocrx_word' id='word_1_50' title='bbox 1092 570 1237 625; x_wconf 89' lang='grc' dir='ltr'><em>νόμων</em></span> <span class='ocrx_word' id='word_1_51' title='bbox 1266 588 1315 614; x_wconf 88' lang='grc' dir='ltr'><em>τε</em></span> <span class='ocrx_word' id='word_1_52' title='bbox 1336 573 1599 630; x_wconf 79' lang='grc' dir='ltr'><em>σωφροσύνη</em></span> <span class='ocrx_word' id='word_1_53' title='bbox 1631 575 1704 617; x_wconf 87' lang='grc' dir='ltr'><em>καὶ</em></span> <span class='ocrx_word' id='word_1_54' title='bbox 1735 573 1887 631; x_wconf 83' lang='grc' dir='ltr'><em>κόσμῳ</em></span> <span class='ocrx_word' id='word_1_55' title='bbox 1916 576 1995 632; x_wconf 87' lang='grc' dir='ltr'><em>τῆς</em></span> 
     </span>
     <span class='ocr_line' id='line_1_7' title="bbox 331 634 1996 697; baseline 0.003 -17"><span class='ocrx_word' id='word_1_56' title='bbox 331 639 564 688; x_wconf 82' lang='grc' dir='ltr'><em>πολιτείας</em></span> <span class='ocrx_word' id='word_1_57' title='bbox 578 639 653 681; x_wconf 87' lang='grc' dir='ltr'><em>καὶ</em></span> <span class='ocrx_word' id='word_1_58' title='bbox 673 646 772 688; x_wconf 87' lang='grc' dir='ltr'><em>ταῖς</em></span> <span class='ocrx_word' id='word_1_59' title='bbox 787 639 875 680; x_wconf 88' lang='grc' dir='ltr'><em>τῶν</em></span> <span class='ocrx_word' id='word_1_60' title='bbox 893 641 1146 696; x_wconf 80' lang='grc' dir='ltr'><em>στρατηγῶν</em></span> <span class='ocrx_word' id='word_1_61' title='bbox 1168 634 1357 696; x_wconf 82' lang='grc' dir='ltr'><em>ἆρεταῖς,</em></span> <span class='ocrx_word' id='word_1_62' title='bbox 1381 642 1424 683; x_wconf 80' lang='grc' dir='ltr'><em>οἳ</em></span> <span class='ocrx_word' id='word_1_63' title='bbox 1444 641 1660 697; x_wconf 88' lang='grc' dir='ltr'><em>πρόνοιαν</em></span> <span class='ocrx_word' id='word_1_64' title='bbox 1682 639 1896 692; x_wconf 16' lang='grc' dir='ltr'><em>ἐξοιμσιν</em></span> <span class='ocrx_word' id='word_1_65' title='bbox 1873 644 1996 696; x_wconf 85' lang='grc' dir='ltr'><em>υμῶν</em></span> 
     </span>
     <span class='ocr_line' id='line_1_8' title="bbox 222 703 1994 765; baseline 0.002 -15"><span class='ocrx_word' id='word_1_66' title='bbox 222 709 298 750; x_wconf 86' lang='grc'>185</span> <span class='ocrx_word' id='word_1_67' title='bbox 330 708 409 749; x_wconf 83' lang='grc' dir='ltr'><em>τοῦ</em></span> <span class='ocrx_word' id='word_1_68' title='bbox 430 708 743 763; x_wconf 70' lang='grc' dir='ltr'><em>συμφέροντος.</em></span> <span class='ocrx_word' id='word_1_69' title='bbox 793 705 903 756; x_wconf 87' lang='grc' dir='ltr'><em>θεός</em></span> <span class='ocrx_word' id='word_1_70' title='bbox 932 722 980 749; x_wconf 91' lang='grc' dir='ltr'><em>τε</em></span> <span class='ocrx_word' id='word_1_71' title='bbox 1010 703 1033 749; x_wconf 84' lang='grc' dir='ltr'>ὁ</span> <span class='ocrx_word' id='word_1_72' title='bbox 1065 709 1190 763; x_wconf 90' lang='grc' dir='ltr'><em>μέχρι</em></span> <span class='ocrx_word' id='word_1_73' title='bbox 1222 709 1296 751; x_wconf 81' lang='grc' dir='ltr'><em>νῦν</em></span> <span class='ocrx_word' id='word_1_74' title='bbox 1327 704 1622 764; x_wconf 80' lang='grc' dir='ltr'><em>ἡγεμονεύσας</em></span> <span class='ocrx_word' id='word_1_75' title='bbox 1651 706 1768 765; x_wconf 79' lang='grc' dir='ltr'><em>ἡμῖν,</em></span> <span class='ocrx_word' id='word_1_76' title='bbox 1799 704 1908 752; x_wconf 73' lang='grc' dir='ltr'><em>καθ’</em></span> <span class='ocrx_word' id='word_1_77' title='bbox 1944 705 1994 753; x_wconf 79' lang='grc' dir='ltr'><em>οὗ</em></span> 
     </span>
     <span class='ocr_line' id='line_1_9' title="bbox 328 769 1996 834; baseline 0.003 -18"><span class='ocrx_word' id='word_1_78' title='bbox 328 773 540 831; x_wconf 81' lang='grc' dir='ltr'><em>βούλησιν</em></span> <span class='ocrx_word' id='word_1_79' title='bbox 567 769 683 829; x_wconf 82' lang='grc' dir='ltr'><em>κᾶγῶ</em></span> <span class='ocrx_word' id='word_1_80' title='bbox 713 773 929 831; x_wconf 86' lang='grc' dir='ltr'><em>χρήσιμος</em></span> <span class='ocrx_word' id='word_1_81' title='bbox 958 770 1062 828; x_wconf 68' lang='grc' dir='ltr'><em>ὑμῖν</em></span> <span class='ocrx_word' id='word_1_82' title='bbox 1096 772 1316 832; x_wconf 85' lang='grc' dir='ltr'><em>ἐγενόμην,</em></span> <span class='ocrx_word' id='word_1_83' title='bbox 1349 770 1398 818; x_wconf 80' lang='grc' dir='ltr'><em>οὗ</em></span> <span class='ocrx_word' id='word_1_84' title='bbox 1426 778 1553 832; x_wconf 88' lang='grc' dir='ltr'><em>μέχρι</em></span> <span class='ocrx_word' id='word_1_85' title='bbox 1582 779 1660 819; x_wconf 84' lang='grc' dir='ltr'><em>τοῦ</em></span> <span class='ocrx_word' id='word_1_86' title='bbox 1690 777 1818 833; x_wconf 85' lang='grc' dir='ltr'><em>δεῦρο</em></span> <span class='ocrx_word' id='word_1_87' title='bbox 1843 776 1996 834; x_wconf 86' lang='grc' dir='ltr'><em>στήσει</em></span> 
     </span>
     <span class='ocr_line' id='line_1_10' title="bbox 328 836 1996 900; baseline 0.003 -17"><span class='ocrx_word' id='word_1_88' title='bbox 328 841 407 898; x_wconf 83' lang='grc' dir='ltr'><em>τὴν</em></span> <span class='ocrx_word' id='word_1_89' title='bbox 440 839 574 884; x_wconf 71' lang='grc' dir='ltr'><em>αὑτοῦ</em></span> <span class='ocrx_word' id='word_1_90' title='bbox 605 841 844 897; x_wconf 84' lang='grc' dir='ltr'><em>πρόνοιαν,</em></span> <span class='ocrx_word' id='word_1_91' title='bbox 878 836 976 884; x_wconf 71' lang='grc' dir='ltr'><em>ἀλλ’</em></span> <span class='ocrx_word' id='word_1_92' title='bbox 1023 836 1096 898; x_wconf 69' lang='grc' dir='ltr'><em>ἐφ’</em></span> <span class='ocrx_word' id='word_1_93' title='bbox 1141 840 1191 885; x_wconf 84' lang='grc' dir='ltr'><em>ὃν</em></span> <span class='ocrx_word' id='word_1_94' title='bbox 1233 838 1356 886; x_wconf 72' lang='grc' dir='ltr'><em>αὐτοὶ</em></span> <span class='ocrx_word' id='word_1_95' title='bbox 1396 839 1617 897; x_wconf 82' lang='grc' dir='ltr'><em>βούλεσθε</em></span> <span class='ocrx_word' id='word_1_96' title='bbox 1652 844 1809 900; x_wconf 90' lang='grc' dir='ltr'><em>χρόνον</em></span> <span class='ocrx_word' id='word_1_97' title='bbox 1838 847 1996 888; x_wconf 89' lang='grc' dir='ltr'><em>τοῦτον</em></span> 
     </span>
     <span class='ocr_line' id='line_1_11' title="bbox 329 904 1992 968; baseline 0.002 -16"><span class='ocrx_word' id='word_1_98' title='bbox 329 909 442 964; x_wconf 70' lang='grc' dir='ltr'><em>ἔχειν</em></span> <span class='ocrx_word' id='word_1_99' title='bbox 472 908 727 966; x_wconf 81' lang='grc' dir='ltr'><em>προστάτην</em></span> <span class='ocrx_word' id='word_1_100' title='bbox 767 908 812 952; x_wconf 84' lang='grc' dir='ltr'><em>ἐν</em></span> <span class='ocrx_word' id='word_1_101' title='bbox 850 918 944 960; x_wconf 89' lang='grc' dir='ltr'><em>τοῖς</em></span> <span class='ocrx_word' id='word_1_102' title='bbox 981 911 1059 965; x_wconf 89' lang='grc' dir='ltr'><em>τῆς</em></span> <span class='ocrx_word' id='word_1_103' title='bbox 1100 904 1256 967; x_wconf 72' lang='grc' dir='ltr'><em>ἀρετῆς</em></span> <span class='ocrx_word' id='word_1_104' title='bbox 1295 909 1615 968; x_wconf 88' lang='grc' dir='ltr'><em>ἐπιτηδεύμασι</em></span> <span class='ocrx_word' id='word_1_105' title='bbox 1652 915 1874 966; x_wconf 87' lang='grc' dir='ltr'><em>μένοντες,</em></span> <span class='ocrx_word' id='word_1_106' title='bbox 1915 911 1992 956; x_wconf 80' lang='grc' dir='ltr'><em>ἐπὶ</em></span> 
     </span>
     <span class='ocr_line' id='line_1_12' title="bbox 220 972 1996 1038; baseline 0.002 -17"><span class='ocrx_word' id='word_1_107' title='bbox 220 979 300 1021; x_wconf 88' lang='grc'><em>186</em></span> <span class='ocrx_word' id='word_1_108' title='bbox 331 979 542 1020; x_wconf 78' lang='grc' dir='ltr'><em>τοσοῦτον</em></span> <span class='ocrx_word' id='word_1_109' title='bbox 583 972 716 1020; x_wconf 77' lang='grc' dir='ltr'><em>αὐτοῦ</em></span> <span class='ocrx_word' id='word_1_110' title='bbox 749 976 974 1033; x_wconf 73' lang='grc' dir='ltr'><em>χρήσεσθε</em></span> <span class='ocrx_word' id='word_1_111' title='bbox 1013 979 1067 1033; x_wconf 80' lang='grc' dir='ltr'><em>τῇ</em></span> <span class='ocrx_word' id='word_1_112' title='bbox 1105 981 1380 1036; x_wconf 76' lang='grc' dir='ltr'><em>προμηθείᾳ.</em></span> <span class='ocrx_word' id='word_1_113' title='bbox 1439 978 1615 1034; x_wconf 80' lang='grc' dir='ltr'><em>γνώμας</em></span> <span class='ocrx_word' id='word_1_114' title='bbox 1654 995 1703 1022; x_wconf 91' lang='grc' dir='ltr'><em>τε</em></span> <span class='ocrx_word' id='word_1_115' title='bbox 1741 977 1842 1035; x_wconf 75' lang='grc' dir='ltr'><em>ὑμῖν</em></span> <span class='ocrx_word' id='word_1_116' title='bbox 1875 979 1996 1038; x_wconf 82' lang='grc' dir='ltr'><em>εἰση-</em></span> 
     </span>
     <span class='ocr_line' id='line_1_13' title="bbox 325 1040 1994 1105; baseline 0.002 -17"><span class='ocrx_word' id='word_1_117' title='bbox 325 1045 536 1102; x_wconf 86' lang='grc' dir='ltr'><em>γήσονται</em></span> <span class='ocrx_word' id='word_1_118' title='bbox 566 1043 646 1095; x_wconf 83' lang='grc' dir='ltr'><em>τὰς</em></span> <span class='ocrx_word' id='word_1_119' title='bbox 673 1040 870 1101; x_wconf 83' lang='grc' dir='ltr'><em>ἆρίστας,</em></span> <span class='ocrx_word' id='word_1_120' title='bbox 905 1044 975 1095; x_wconf 85' lang='grc' dir='ltr'><em>αἷς</em></span> <span class='ocrx_word' id='word_1_121' title='bbox 997 1043 1211 1099; x_wconf 79' lang='grc' dir='ltr'><em>ἑπόμενοι</em></span> <span class='ocrx_word' id='word_1_122' title='bbox 1240 1044 1319 1102; x_wconf 88' lang='grc' dir='ltr'><em>τὴν</em></span> <span class='ocrx_word' id='word_1_123' title='bbox 1351 1041 1636 1100; x_wconf 69' lang='grc' dir='ltr'><em>εὐδαιμονίαν</em></span> <span class='ocrx_word' id='word_1_124' title='bbox 1668 1046 1798 1098; x_wconf 75' lang='grc' dir='ltr'><em>ἕξετε,</em></span> <span class='ocrx_word' id='word_1_125' title='bbox 1829 1045 1851 1091; x_wconf 83' lang='grc' dir='ltr'><em>ὃ</em></span> <span class='ocrx_word' id='word_1_126' title='bbox 1887 1043 1994 1105; x_wconf 83' lang='grc' dir='ltr'><em>ἆρχ-</em></span> 
     </span>
     <span class='ocr_line' id='line_1_14' title="bbox 331 1107 1996 1173; baseline 0.002 -17"><span class='ocrx_word' id='word_1_127' title='bbox 331 1111 471 1168; x_wconf 70' lang='grc' dir='ltr'><em>ιερείς</em></span> <span class='ocrx_word' id='word_1_128' title='bbox 512 1108 766 1169; x_wconf 80' lang='grc' dir='ltr'><em>Ἐλεάζαρος</em></span> <span class='ocrx_word' id='word_1_129' title='bbox 822 1113 895 1155; x_wconf 88' lang='grc' dir='ltr'><em>καὶ</em></span> <span class='ocrx_word' id='word_1_130' title='bbox 938 1108 1103 1170; x_wconf 70' lang='grc' dir='ltr'><em>Ἰησοῦς</em></span> <span class='ocrx_word' id='word_1_131' title='bbox 1141 1107 1168 1168; x_wconf 77' lang='grc' dir='ltr'><strong><em>ἥ</em></strong></span> <span class='ocrx_word' id='word_1_132' title='bbox 1206 1129 1253 1155; x_wconf 89' lang='grc' dir='ltr'><em>τε</em></span> <span class='ocrx_word' id='word_1_133' title='bbox 1297 1119 1506 1170; x_wconf 82' lang='grc' dir='ltr'><em>γερουσία</em></span> <span class='ocrx_word' id='word_1_134' title='bbox 1550 1116 1623 1158; x_wconf 87' lang='grc' dir='ltr'><em>καὶ</em></span> <span class='ocrx_word' id='word_1_135' title='bbox 1663 1113 1719 1157; x_wconf 85' lang='grc' dir='ltr'><em>τὰ</em></span> <span class='ocrx_word' id='word_1_136' title='bbox 1766 1116 1867 1173; x_wconf 84' lang='grc' dir='ltr'><em>τέλη</em></span> <span class='ocrx_word' id='word_1_137' title='bbox 1908 1118 1996 1160; x_wconf 91' lang='grc' dir='ltr'><em>τῶν</em></span> 
     </span>
     <span class='ocr_line' id='line_1_15' title="bbox 329 1175 1996 1240; baseline 0.002 -18"><span class='ocrx_word' id='word_1_138' title='bbox 329 1182 494 1238; x_wconf 80' lang='grc' dir='ltr'><em>φυλῶν,</em></span> <span class='ocrx_word' id='word_1_139' title='bbox 526 1176 587 1223; x_wconf 81' lang='grc' dir='ltr'><em>ῶν</em></span> <span class='ocrx_word' id='word_1_140' title='bbox 609 1175 837 1236; x_wconf 75' lang='grc' dir='ltr'><em>ἀκροᾶσθε</em></span> <span class='ocrx_word' id='word_1_141' title='bbox 857 1179 915 1236; x_wconf 82' lang='grc' dir='ltr'><em>μὴ</em></span> <span class='ocrx_word' id='word_1_142' title='bbox 947 1181 1168 1234; x_wconf 79' lang='grc' dir='ltr'><em>χαλεπῶς,</em></span> <span class='ocrx_word' id='word_1_143' title='bbox 1199 1181 1486 1237; x_wconf 81' lang='grc' dir='ltr'><em>γινώσκοντες</em></span> <span class='ocrx_word' id='word_1_144' title='bbox 1508 1177 1578 1226; x_wconf 75' lang='grc' dir='ltr'><em>ὅτι</em></span> <span class='ocrx_word' id='word_1_145' title='bbox 1608 1182 1772 1233; x_wconf 86' lang='grc' dir='ltr'><em>πάντες</em></span> <span class='ocrx_word' id='word_1_146' title='bbox 1803 1183 1845 1226; x_wconf 81' lang='grc' dir='ltr'><em>οἱ</em></span> <span class='ocrx_word' id='word_1_147' title='bbox 1868 1179 1996 1240; x_wconf 76' lang='grc' dir='ltr'><em>ἄρχε-</em></span> 
     </span>
     <span class='ocr_line' id='line_1_16' title="bbox 330 1245 1997 1307; baseline 0.002 -17"><span class='ocrx_word' id='word_1_148' title='bbox 330 1251 444 1291; x_wconf 91' lang='grc' dir='ltr'><em>σθαι</em></span> <span class='ocrx_word' id='word_1_149' title='bbox 473 1249 617 1298; x_wconf 85' lang='grc' dir='ltr'><em>καλῶς</em></span> <span class='ocrx_word' id='word_1_150' title='bbox 649 1247 816 1299; x_wconf 84' lang='grc' dir='ltr'><em>εἰδότες</em></span> <span class='ocrx_word' id='word_1_151' title='bbox 845 1250 918 1291; x_wconf 87' lang='grc' dir='ltr'><em>καὶ</em></span> <span class='ocrx_word' id='word_1_152' title='bbox 950 1245 1097 1304; x_wconf 68' lang='grc' dir='ltr'><em>ἄρχειν</em></span> <span class='ocrx_word' id='word_1_153' title='bbox 1129 1248 1325 1293; x_wconf 79' lang='grc' dir='ltr'><em>εἴσονται</em></span> <span class='ocrx_word' id='word_1_154' title='bbox 1355 1249 1662 1307; x_wconf 83' lang='grc' dir='ltr'><em>παρελθόντες</em></span> <span class='ocrx_word' id='word_1_155' title='bbox 1699 1249 1764 1301; x_wconf 85' lang='grc' dir='ltr'><em>εἷς</em></span> <span class='ocrx_word' id='word_1_156' title='bbox 1795 1249 1997 1301; x_wconf 76' lang='grc' dir='ltr'><em>ἐξουσίαν</em></span> 
     </span>
    </p>
   </div>
   <div class='ocr_carea' id='block_1_3' title="bbox 671 1311 682 1327">
    <p class='ocr_par' dir='ltr' id='par_1_3' title="bbox 671 1311 682 1327">
     <span class='ocr_line' id='line_1_17' title="bbox 671 1311 682 1327; baseline 0 0"><span class='ocrx_word' id='word_1_157' title='bbox 671 1311 682 1327; x_wconf 81' lang='grc'>)</span> 
     </span>
    </p>
   </div>
   <div class='ocr_carea' id='block_1_4' title="bbox 219 1311 1997 1781">
    <p class='ocr_par' dir='ltr' id='par_1_4' title="bbox 220 1311 1997 1510">
     <span class='ocr_line' id='line_1_18' title="bbox 220 1311 1997 1400; baseline 0.001 -40"><span class='ocrx_word' id='word_1_158' title='bbox 220 1319 298 1360; x_wconf 80' lang='lat'><em>187</em></span> <span class='ocrx_word' id='word_1_159' title='bbox 330 1312 486 1369; x_wconf 67' lang='grc' dir='ltr'><em>αὐτοῦ,</em></span> <span class='ocrx_word' id='word_1_160' title='bbox 527 1315 605 1373; x_wconf 78' lang='grc' dir='ltr'><em>τήν</em></span> <span class='ocrx_word' id='word_1_161' title='bbox 641 1332 666 1358; x_wconf 91' lang='grc' dir='ltr'><em>τ</em></span> <span class='ocrx_word' id='word_1_162' title='bbox 727 1315 985 1372; x_wconf 86' lang='grc' dir='ltr'><em>ἐλευθερίαν</em></span> <span class='ocrx_word' id='word_1_163' title='bbox 1022 1313 1207 1372; x_wconf 81' lang='grc' dir='ltr'><em>ηγεῖσθε</em></span> <span class='ocrx_word' id='word_1_164' title='bbox 1243 1334 1302 1373; x_wconf 88' lang='grc' dir='ltr'><em>μη</em></span> <span class='ocrx_word' id='word_1_165' title='bbox 1343 1316 1392 1360; x_wconf 80' lang='grc' dir='ltr'><em>τὸ</em></span> <span class='ocrx_word' id='word_1_166' title='bbox 1435 1327 1815 1400; x_wconf 81' lang='grc' dir='ltr'><em>προσαγανακτεῖν</em></span> <span class='ocrx_word' id='word_1_167' title='bbox 1847 1311 1972 1368; x_wconf 66' lang='grc' dir='ltr'><em>οἷς”</em></span> <span class='ocrx_word' id='word_1_168' title='bbox 1945 1335 1997 1361; x_wconf 91' lang='grc' dir='ltr'><em>αν</em></span> 
     </span>
     <span class='ocr_line' id='line_1_19' title="bbox 329 1379 1997 1442; baseline 0.002 -16"><span class='ocrx_word' id='word_1_169' title='bbox 329 1381 443 1439; x_wconf 79' lang='grc' dir='ltr'><em>ύμᾶς</em></span> <span class='ocrx_word' id='word_1_170' title='bbox 474 1384 517 1427; x_wconf 81' lang='grc' dir='ltr'><em>οἱ</em></span> <span class='ocrx_word' id='word_1_171' title='bbox 546 1382 754 1440; x_wconf 86' lang='grc' dir='ltr'><em>ηγεμόνες</em></span> <span class='ocrx_word' id='word_1_172' title='bbox 783 1383 996 1440; x_wconf 90' lang='grc' dir='ltr'><em>πράττειν</em></span> <span class='ocrx_word' id='word_1_173' title='bbox 1028 1379 1208 1435; x_wconf 75' lang='grc' dir='ltr'><em>ἀξιῶσι·</em></span> <span class='ocrx_word' id='word_1_174' title='bbox 1249 1387 1322 1427; x_wconf 84' lang='grc' dir='ltr'><em>νῦν</em></span> <span class='ocrx_word' id='word_1_175' title='bbox 1352 1385 1431 1440; x_wconf 81' lang='grc' dir='ltr'><em>μὲν</em></span> <span class='ocrx_word' id='word_1_176' title='bbox 1461 1384 1543 1442; x_wconf 81' lang='grc' dir='ltr'><em>γὰρ</em></span> <span class='ocrx_word' id='word_1_177' title='bbox 1575 1384 1620 1429; x_wconf 87' lang='grc' dir='ltr'><em>ἐν</em></span> <span class='ocrx_word' id='word_1_178' title='bbox 1649 1387 1714 1442; x_wconf 73' lang='grc' dir='ltr'><em>τῷ</em></span> <span class='ocrx_word' id='word_1_179' title='bbox 1743 1384 1847 1436; x_wconf 78' lang='grc' dir='ltr'><em>τοὺς</em></span> <span class='ocrx_word' id='word_1_180' title='bbox 1877 1384 1997 1442; x_wconf 83' lang='grc' dir='ltr'><em>εὐερ-</em></span> 
     </span>
     <span class='ocr_line' id='line_1_20' title="bbox 331 1449 1997 1510; baseline 0.002 -16"><span class='ocrx_word' id='word_1_181' title='bbox 331 1455 460 1508; x_wconf 89' lang='grc' dir='ltr'><em>γε’τας</em></span> <span class='ocrx_word' id='word_1_182' title='bbox 494 1449 683 1507; x_wconf 66' lang='grc' dir='ltr'><em>ὑβρίζειν</em></span> <span class='ocrx_word' id='word_1_183' title='bbox 715 1450 759 1494; x_wconf 84' lang='grc' dir='ltr'><em>ἐν</em></span> <span class='ocrx_word' id='word_1_184' title='bbox 789 1451 930 1508; x_wconf 72' lang='grc' dir='ltr'><em>τούτῳ</em></span> <span class='ocrx_word' id='word_1_185' title='bbox 960 1469 1040 1508; x_wconf 87' lang='grc' dir='ltr'><em>την</em></span> <span class='ocrx_word' id='word_1_186' title='bbox 1069 1457 1322 1510; x_wconf 89' lang='grc' dir='ltr'><em>παρρησίαν</em></span> <span class='ocrx_word' id='word_1_187' title='bbox 1358 1456 1564 1507; x_wconf 87' lang='grc' dir='ltr'><em>τίθεσθε.</em></span> <span class='ocrx_word' id='word_1_188' title='bbox 1596 1453 1619 1497; x_wconf 82' lang='grc' dir='ltr'><em>ὃ</em></span> <span class='ocrx_word' id='word_1_189' title='bbox 1653 1453 1702 1496; x_wconf 83' lang='lat' dir='ltr'><em>6r</em></span> <span class='ocrx_word' id='word_1_190' title='bbox 1727 1455 1805 1496; x_wconf 82' lang='grc' dir='ltr'><em>τοῦ</em></span> <span class='ocrx_word' id='word_1_191' title='bbox 1835 1454 1997 1498; x_wconf 80' lang='grc' dir='ltr'><em>λοιποῦ</em></span> 
     </span>
    </p>

    <p class='ocr_par' dir='ltr' id='par_1_5' title="bbox 219 1516 1997 1715">
     <span class='ocr_line' id='line_1_21' title="bbox 219 1516 1996 1580; baseline 0.002 -18"><span class='ocrx_word' id='word_1_192' title='bbox 219 1523 299 1564; x_wconf 76' lang='grc'>188</span> <span class='ocrx_word' id='word_1_193' title='bbox 331 1521 679 1577; x_wconf 80' lang='grc' dir='ltr'><em>φιλαττομένοις</em></span> <span class='ocrx_word' id='word_1_194' title='bbox 708 1517 810 1574; x_wconf 75' lang='grc' dir='ltr'><em>ὑμῖν</em></span> <span class='ocrx_word' id='word_1_195' title='bbox 839 1516 1019 1575; x_wconf 78' lang='grc' dir='ltr'><em>ἄμεινον</em></span> <span class='ocrx_word' id='word_1_196' title='bbox 1051 1519 1137 1570; x_wconf 78' lang='grc' dir='ltr'><em>εξει</em></span> <span class='ocrx_word' id='word_1_197' title='bbox 1167 1519 1222 1563; x_wconf 83' lang='grc' dir='ltr'><em>τὰ</em></span> <span class='ocrx_word' id='word_1_198' title='bbox 1243 1520 1507 1578; x_wconf 88' lang='grc' dir='ltr'><em>πράγματα·</em></span> <span class='ocrx_word' id='word_1_199' title='bbox 1538 1521 1648 1580; x_wconf 81' lang='grc' dir='ltr'><em>μηδὲ</em></span> <span class='ocrx_word' id='word_1_200' title='bbox 1678 1519 1757 1578; x_wconf 90' lang='grc' dir='ltr'><em>τὴν</em></span> <span class='ocrx_word' id='word_1_201' title='bbox 1787 1520 1888 1578; x_wconf 80' lang='grc' dir='ltr'><em>ἰ’σην</em></span> <span class='ocrx_word' id='word_1_202' title='bbox 1919 1519 1996 1565; x_wconf 85' lang='grc' dir='ltr'><em>ἐπὶ</em></span> 
     </span>
     <span class='ocr_line' id='line_1_22' title="bbox 329 1583 1996 1646; baseline 0.001 -16"><span class='ocrx_word' id='word_1_203' title='bbox 329 1587 503 1638; x_wconf 79' lang='grc' dir='ltr'><em>τούτοις</em></span> <span class='ocrx_word' id='word_1_204' title='bbox 533 1583 665 1644; x_wconf 79' lang='grc' dir='ltr'><em>ὀργήν</em></span> <span class='ocrx_word' id='word_1_205' title='bbox 696 1604 808 1631; x_wconf 90' lang='grc' dir='ltr'><em>ποτε</em></span> <span class='ocrx_word' id='word_1_206' title='bbox 838 1588 1100 1644; x_wconf 79' lang='grc' dir='ltr'><em>λαμβάνετε,</em></span> <span class='ocrx_word' id='word_1_207' title='bbox 1143 1584 1170 1646; x_wconf 71' lang='grc' dir='ltr'><em>’ἧ</em></span> <span class='ocrx_word' id='word_1_208' title='bbox 1207 1584 1304 1631; x_wconf 69' lang='grc' dir='ltr'><em>κατ’</em></span> <span class='ocrx_word' id='word_1_209' title='bbox 1341 1588 1449 1644; x_wconf 82' lang='grc' dir='ltr'><em>ἐμοῦ</em></span> <span class='ocrx_word' id='word_1_210' title='bbox 1478 1589 1695 1640; x_wconf 84' lang='grc' dir='ltr'><em>πολλάκις</em></span> <span class='ocrx_word' id='word_1_211' title='bbox 1726 1588 1996 1646; x_wconf 78' lang='grc' dir='ltr'><em>ἐτολμήσατε</em></span> 
     </span>
     <span class='ocr_line' id='line_1_23' title="bbox 327 1652 1997 1715; baseline 0.002 -19"><span class='ocrx_word' id='word_1_212' title='bbox 327 1657 546 1711; x_wconf 85' lang='grc' dir='ltr'><em>χρῆσθαι·</em></span> <span class='ocrx_word' id='word_1_213' title='bbox 578 1654 811 1710; x_wconf 78' lang='grc' dir='ltr'><em>γινώσκετε</em></span> <span class='ocrx_word' id='word_1_214' title='bbox 840 1655 922 1712; x_wconf 82' lang='grc' dir='ltr'><em>γὰρ</em></span> <span class='ocrx_word' id='word_1_215' title='bbox 954 1653 1015 1706; x_wconf 81' lang='grc' dir='ltr'><em>ῶς</em></span> <span class='ocrx_word' id='word_1_216' title='bbox 1042 1656 1280 1708; x_wconf 82' lang='grc' dir='ltr'><em>πλεονάκις</em></span> <span class='ocrx_word' id='word_1_217' title='bbox 1302 1656 1580 1700; x_wconf 75' lang='grc' dir='ltr'><em>ἐκινδύνευσα</em></span> <span class='ocrx_word' id='word_1_218' title='bbox 1610 1653 1691 1715; x_wconf 67' lang='grc' dir='ltr'><em>ὑφ’</em></span> <span class='ocrx_word' id='word_1_219' title='bbox 1726 1653 1848 1712; x_wconf 79' lang='grc' dir='ltr'><em>ὑμῶν</em></span> <span class='ocrx_word' id='word_1_220' title='bbox 1880 1652 1997 1700; x_wconf 76' lang='grc' dir='ltr'><em>ἄπο-</em></span> 
     </span>
    </p>

    <p class='ocr_par' dir='ltr' id='par_1_6' title="bbox 221 1716 1997 1781">
     <span class='ocr_line' id='line_1_24' title="bbox 221 1716 1997 1781; baseline 0.001 -15"><span class='ocrx_word' id='word_1_221' title='bbox 221 1726 299 1769; x_wconf 87' lang='grc'>189</span> <span class='ocrx_word' id='word_1_222' title='bbox 330 1726 490 1766; x_wconf 90' lang='grc' dir='ltr'><em>θανεῖν</em></span> <span class='ocrx_word' id='word_1_223' title='bbox 520 1716 546 1779; x_wconf 68' lang='grc' dir='ltr'>ἢ</span> <span class='ocrx_word' id='word_1_224' title='bbox 577 1720 664 1765; x_wconf 74' lang='grc' dir='ltr'><em>ὑπὸ</em></span> <span class='ocrx_word' id='word_1_225' title='bbox 698 1739 786 1765; x_wconf 76' lang='grc' dir='ltr'><em>τον</em></span> <span class='ocrx_word' id='word_1_226' title='bbox 818 1724 1059 1778; x_wconf 85' lang='grc' dir='ltr'><em>πολεμιων.</em></span> <span class='ocrx_word' id='word_1_227' title='bbox 1109 1727 1248 1767; x_wconf 80' lang='grc' dir='ltr'><em>ταῦτα</em></span> <span class='ocrx_word' id='word_1_228' title='bbox 1279 1720 1321 1767; x_wconf 90' lang='lat'>6</span> <span class='ocrx_word' id='word_1_229' title='bbox 1360 1720 1436 1768; x_wconf 74' lang='grc' dir='ltr'><em>οὐκ</em></span> <span class='ocrx_word' id='word_1_230' title='bbox 1458 1720 1687 1778; x_wconf 83' lang='grc' dir='ltr'><em>ονειδίζειν</em></span> <span class='ocrx_word' id='word_1_231' title='bbox 1718 1721 1832 1780; x_wconf 71' lang='grc' dir='ltr'><em>ὑμᾶς</em></span> <span class='ocrx_word' id='word_1_232' title='bbox 1861 1741 1997 1781; x_wconf 89' lang='grc' dir='ltr'><em>προε-</em></span> 
     </span>
    </p>
   </div>
   <div class='ocr_carea' id='block_1_5' title="bbox 329 1785 1996 1918">
    <p class='ocr_par' dir='ltr' id='par_1_7' title="bbox 329 1785 1996 1918">
     <span class='ocr_line' id='line_1_25' title="bbox 329 1785 1996 1850; baseline 0.003 -18"><span class='ocrx_word' id='word_1_233' title='bbox 329 1793 487 1848; x_wconf 86' lang='grc' dir='ltr'><em>θέμην,</em></span> <span class='ocrx_word' id='word_1_234' title='bbox 520 1785 569 1833; x_wconf 79' lang='grc' dir='ltr'><em>ού</em></span> <span class='ocrx_word' id='word_1_235' title='bbox 590 1789 672 1846; x_wconf 87' lang='grc' dir='ltr'><em>γὰρ</em></span> <span class='ocrx_word' id='word_1_236' title='bbox 701 1786 774 1833; x_wconf 81' lang='grc' dir='ltr'><em>ἐτ</em></span> <span class='ocrx_word' id='word_1_237' title='bbox 802 1789 953 1841; x_wconf 76' lang='grc' dir='ltr'><em>εξόδοι</em></span> <span class='ocrx_word' id='word_1_238' title='bbox 974 1808 1049 1834; x_wconf 82' lang='grc' dir='ltr'><em>του</em></span> <span class='ocrx_word' id='word_1_239' title='bbox 1085 1803 1159 1848; x_wconf 57' lang='grc' dir='ltr'><em>ςην</em></span> <span class='ocrx_word' id='word_1_240' title='bbox 1181 1792 1544 1849; x_wconf 85' lang='grc' dir='ltr'><em>δισχεραίνοντας</em></span> <span class='ocrx_word' id='word_1_241' title='bbox 1564 1794 1826 1837; x_wconf 86' lang='grc' dir='ltr'><em>καταλιπεῖν</em></span> <span class='ocrx_word' id='word_1_242' title='bbox 1846 1788 1996 1850; x_wconf 82' lang='grc' dir='ltr'><em>ἠξίουν</em></span> 
     </span>
     <span class='ocr_line' id='line_1_26' title="bbox 333 1853 1995 1918; baseline 0.001 -16"><span class='ocrx_word' id='word_1_243' title='bbox 333 1857 395 1909; x_wconf 85' lang='grc' dir='ltr'><em>εἷς</em></span> <span class='ocrx_word' id='word_1_244' title='bbox 425 1857 503 1915; x_wconf 64' lang='grc' dir='ltr'><em>τὴν</em></span> <span class='ocrx_word' id='word_1_245' title='bbox 535 1853 778 1915; x_wconf 72' lang='grc' dir='ltr'><em>ἀνάμνησιν</em></span> <span class='ocrx_word' id='word_1_246' title='bbox 809 1861 956 1915; x_wconf 80' lang='grc' dir='ltr'><em>φέρων</em></span> <span class='ocrx_word' id='word_1_247' title='bbox 996 1859 1107 1916; x_wconf 78' lang='grc' dir='ltr'><em>μηδὲ</em></span> <span class='ocrx_word' id='word_1_248' title='bbox 1145 1856 1256 1916; x_wconf 73' lang='grc' dir='ltr'><em>παρ’</em></span> <span class='ocrx_word' id='word_1_249' title='bbox 1293 1859 1342 1903; x_wconf 82' lang='grc' dir='ltr'><em>ὃν</em></span> <span class='ocrx_word' id='word_1_250' title='bbox 1381 1860 1576 1914; x_wconf 85' lang='grc' dir='ltr'><em>ε’πασχον</em></span> <span class='ocrx_word' id='word_1_251' title='bbox 1616 1855 1727 1904; x_wconf 69' lang='grc' dir='ltr'><em>αὐτὰ</em></span> <span class='ocrx_word' id='word_1_252' title='bbox 1766 1860 1919 1918; x_wconf 85' lang='grc' dir='ltr'><em>καιρὸν</em></span> <span class='ocrx_word' id='word_1_253' title='bbox 1950 1859 1995 1904; x_wconf 83' lang='grc' dir='ltr'><em>ἐν</em></span> 
     </span>
    </p>
   </div>
   <div class='ocr_carea' id='block_1_6' title="bbox 443 2015 1000 2058">
    <p class='ocr_par' dir='ltr' id='par_1_8' title="bbox 443 2015 1000 2058">
     <span class='ocr_line' id='line_1_27' title="bbox 443 2015 1000 2058; baseline 0 -8"><span class='ocrx_word' id='word_1_254' title='bbox 443 2018 462 2058; x_wconf 67' lang='grc' dir='ltr'><strong>ξ</strong></span> <span class='ocrx_word' id='word_1_255' title='bbox 492 2018 553 2050; x_wconf 76' lang='lat'><em>133</em></span> <span class='ocrx_word' id='word_1_256' title='bbox 579 2032 623 2044; x_wconf 94' lang='lat'><strong><em>=</em></strong></span> <span class='ocrx_word' id='word_1_257' title='bbox 647 2015 844 2052; x_wconf 82' lang='lat' dir='ltr'><strong>Deuteron.</strong></span> <span class='ocrx_word' id='word_1_258' title='bbox 871 2015 921 2052; x_wconf 87' lang='lat' dir='ltr'><em>IV</em></span> <span class='ocrx_word' id='word_1_259' title='bbox 946 2019 1000 2051; x_wconf 84' lang='lat'><em>23.</em></span> 
     </span>
    </p>
   </div>
   <div class='ocr_carea' id='block_1_7' title="bbox 368 2094 507 2097">
    <p class='ocr_par' dir='ltr' id='par_1_9' title="bbox 368 2094 507 2097">
     <span class='ocr_line' id='line_1_28' title="bbox 368 2094 507 2097; baseline 0 0"><span class='ocrx_word' id='word_1_260' title='bbox 368 2094 507 2097; x_wconf 95' lang='lat' dir='ltr'><em> </em></span> 
     </span>
    </p>
   </div>
   <div class='ocr_carea' id='block_1_8' title="bbox 701 2095 1383 2097">
    <p class='ocr_par' dir='ltr' id='par_1_10' title="bbox 701 2095 1383 2097">
     <span class='ocr_line' id='line_1_29' title="bbox 701 2095 1383 2097; baseline 0 0"><span class='ocrx_word' id='word_1_261' title='bbox 701 2095 1383 2097; x_wconf 95' lang='lat' dir='ltr'><em> </em></span> 
     </span>
    </p>
   </div>
   <div class='ocr_carea' id='block_1_9' title="bbox 327 2151 1996 2493">
    <p class='ocr_par' dir='ltr' id='par_1_11' title="bbox 440 2151 742 2187">
     <span class='ocr_line' id='line_1_30' title="bbox 440 2151 742 2187; baseline -0.003 0"><span class='ocrx_word' id='word_1_262' title='bbox 440 2151 742 2187; x_wconf 83' lang='lat' dir='ltr'>ROMSPLELat</span> 
     </span>
    </p>

    <p class='ocr_par' dir='ltr' id='par_1_12' title="bbox 444 2214 1994 2268">
     <span class='ocr_line' id='line_1_31' title="bbox 444 2214 1994 2268; baseline 0.002 -13"><span class='ocrx_word' id='word_1_263' title='bbox 444 2224 458 2254; x_wconf 93' lang='lat'>1</span> <span class='ocrx_word' id='word_1_264' title='bbox 486 2216 590 2267; x_wconf 81' lang='grc' dir='ltr'><em>παρὰ</em></span> <span class='ocrx_word' id='word_1_265' title='bbox 616 2223 708 2262; x_wconf 83' lang='grc' dir='ltr'><em>τοῖς]</em></span> <span class='ocrx_word' id='word_1_266' title='bbox 735 2214 831 2267; x_wconf 78' lang='grc' dir='ltr'><em>παρ’</em></span> <span class='ocrx_word' id='word_1_267' title='bbox 860 2214 991 2256; x_wconf 80' lang='grc' dir='ltr'><em>αύτοῖσ</em></span> <span class='ocrx_word' id='word_1_268' title='bbox 1016 2219 1079 2255; x_wconf 90' lang='lat' dir='ltr'><em>RO</em></span> <span class='ocrx_word' id='word_1_269' title='bbox 1145 2223 1164 2255; x_wconf 88' lang='grc'>3</span> <span class='ocrx_word' id='word_1_270' title='bbox 1189 2217 1384 2266; x_wconf 82' lang='grc' dir='ltr'><em>κατήκοοι]</em></span> <span class='ocrx_word' id='word_1_271' title='bbox 1409 2221 1626 2257; x_wconf 79' lang='grc' dir='ltr'><em>κατοίκοιοι</em></span> <span class='ocrx_word' id='word_1_272' title='bbox 1649 2220 1683 2256; x_wconf 87' lang='lat' dir='ltr'>R</span> <span class='ocrx_word' id='word_1_273' title='bbox 1753 2221 1913 2268; x_wconf 79' lang='grc' dir='ltr'><em>γένησθε</em></span> <span class='ocrx_word' id='word_1_274' title='bbox 1931 2221 1994 2258; x_wconf 88' lang='lat' dir='ltr'><em>LE</em></span> 
     </span>
    </p>

    <p class='ocr_par' dir='ltr' id='par_1_13' title="bbox 327 2273 1996 2436">
     <span class='ocr_line' id='line_1_32' title="bbox 439 2273 1995 2327; baseline 0.003 -16"><span class='ocrx_word' id='word_1_275' title='bbox 439 2278 528 2312; x_wconf 84' lang='grc' dir='ltr'><em>*καὶ</em></span> <span class='ocrx_word' id='word_1_276' title='bbox 554 2279 651 2316; x_wconf 75' lang='lat' dir='ltr'><strong>(ante</strong></span> <span class='ocrx_word' id='word_1_277' title='bbox 674 2274 898 2324; x_wconf 75' lang='grc' dir='ltr'><em>μελετῴητε)</em></span> <span class='ocrx_word' id='word_1_278' title='bbox 923 2287 990 2311; x_wconf 88' lang='lat' dir='ltr'><em>om.</em></span> <span class='ocrx_word' id='word_1_279' title='bbox 1018 2276 1047 2311; x_wconf 91' lang='grc' dir='ltr'>Ο</span> <span class='ocrx_word' id='word_1_280' title='bbox 1186 2273 1434 2325; x_wconf 65' lang='grc' dir='ltr'><em>*μελετιρητεῙ</em></span> <span class='ocrx_word' id='word_1_281' title='bbox 1459 2280 1694 2322; x_wconf 78' lang='grc' dir='ltr'><em>μελετῶντεσ</em></span> <span class='ocrx_word' id='word_1_282' title='bbox 1718 2277 1782 2313; x_wconf 87' lang='lat' dir='ltr'><em>Ro</em></span> <span class='ocrx_word' id='word_1_283' title='bbox 1807 2280 1995 2327; x_wconf 78' lang='grc' dir='ltr'><em>μελετῷτε</em></span> 
     </span>
     <span class='ocr_line' id='line_1_33' title="bbox 327 2328 1995 2380; baseline 0.002 -12"><span class='ocrx_word' id='word_1_284' title='bbox 327 2333 420 2368; x_wconf 89' lang='lat' dir='ltr'>coni.</span> <span class='ocrx_word' id='word_1_285' title='bbox 491 2335 511 2366; x_wconf 85' lang='grc'>4</span> <span class='ocrx_word' id='word_1_286' title='bbox 537 2329 775 2379; x_wconf 78' lang='grc' dir='ltr'><em>*ἢμετέροισ,</em></span> <span class='ocrx_word' id='word_1_287' title='bbox 799 2328 820 2377; x_wconf 81' lang='grc' dir='ltr'>ἡ</span> <span class='ocrx_word' id='word_1_288' title='bbox 845 2343 890 2367; x_wconf 85' lang='lat' dir='ltr'><em>ex</em></span> <span class='ocrx_word' id='word_1_289' title='bbox 915 2328 935 2369; x_wconf 75' lang='grc' dir='ltr'><em>ἰ·</em></span> <span class='ocrx_word' id='word_1_290' title='bbox 952 2343 1044 2368; x_wconf 87' lang='lat' dir='ltr'><strong>corr.</strong></span> <span class='ocrx_word' id='word_1_291' title='bbox 1060 2333 1098 2368; x_wconf 83' lang='lat' dir='ltr'>M</span> <span class='ocrx_word' id='word_1_292' title='bbox 1170 2337 1189 2367; x_wconf 80' lang='lat'>5</span> <span class='ocrx_word' id='word_1_293' title='bbox 1215 2331 1346 2377; x_wconf 85' lang='grc' dir='ltr'><em>νόμων</em></span> <span class='ocrx_word' id='word_1_294' title='bbox 1370 2346 1410 2369; x_wconf 81' lang='grc' dir='ltr'><em>τε</em></span> <span class='ocrx_word' id='word_1_295' title='bbox 1436 2331 1676 2380; x_wconf 61' lang='grc' dir='ltr'><em>σωφροσύνῃ]</em></span> <span class='ocrx_word' id='word_1_296' title='bbox 1703 2334 1797 2369; x_wconf 85' lang='lat' dir='ltr'><strong>coni.</strong></span> <span class='ocrx_word' id='word_1_297' title='bbox 1825 2331 1931 2379; x_wconf 87' lang='grc' dir='ltr'><em>νόμω</em></span> <span class='ocrx_word' id='word_1_298' title='bbox 1955 2334 1995 2372; x_wconf 85' lang='grc' dir='ltr'><em>τὲ</em></span> 
     </span>
     <span class='ocr_line' id='line_1_34' title="bbox 327 2386 1996 2436; baseline 0.001 -10"><span class='ocrx_word' id='word_1_299' title='bbox 327 2386 582 2436; x_wconf 84' lang='grc' dir='ltr'><em>σωφροσύνησ</em></span> <span class='ocrx_word' id='word_1_300' title='bbox 606 2389 710 2424; x_wconf 88' lang='lat' dir='ltr'><strong>codd.</strong></span> <span class='ocrx_word' id='word_1_301' title='bbox 794 2392 813 2423; x_wconf 88' lang='lat'>6</span> <span class='ocrx_word' id='word_1_302' title='bbox 838 2386 943 2433; x_wconf 79' lang='grc' dir='ltr'><em>ὑμῶν</em></span> <span class='ocrx_word' id='word_1_303' title='bbox 967 2387 1106 2432; x_wconf 69' lang='grc' dir='ltr'><em>ἕξουσι-</em></span> <span class='ocrx_word' id='word_1_304' title='bbox 1134 2392 1179 2425; x_wconf 82' lang='lat' dir='ltr'><em>tr.</em></span> <span class='ocrx_word' id='word_1_305' title='bbox 1200 2390 1253 2425; x_wconf 87' lang='lat' dir='ltr'><em>SP</em></span> <span class='ocrx_word' id='word_1_306' title='bbox 1341 2393 1357 2423; x_wconf 71' lang='lat' dir='ltr'><em>“a</em></span> <span class='ocrx_word' id='word_1_307' title='bbox 1385 2386 1483 2435; x_wconf 77' lang='grc' dir='ltr'><em>ἡμῖν]</em></span> <span class='ocrx_word' id='word_1_308' title='bbox 1508 2387 1612 2434; x_wconf 70' lang='grc' dir='ltr'><em>ὑμῶν</em></span> <span class='ocrx_word' id='word_1_309' title='bbox 1636 2391 1763 2426; x_wconf 91' lang='lat' dir='ltr'>MSPL</span> <span class='ocrx_word' id='word_1_310' title='bbox 1788 2391 1901 2426; x_wconf 80' lang='lat' dir='ltr'><em>uestri</em></span> <span class='ocrx_word' id='word_1_311' title='bbox 1925 2391 1996 2428; x_wconf 79' lang='lat' dir='ltr'><em>Lat</em></span> 
     </span>
    </p>

    <p class='ocr_par' dir='ltr' id='par_1_14' title="bbox 440 2441 1994 2493">
     <span class='ocr_line' id='line_1_35' title="bbox 440 2441 1994 2493; baseline 0.003 -13"><span class='ocrx_word' id='word_1_312' title='bbox 440 2448 459 2480; x_wconf 84' lang='lat'>8</span> <span class='ocrx_word' id='word_1_313' title='bbox 485 2441 606 2491; x_wconf 81' lang='grc' dir='ltr'><em>κάγὼι</em></span> <span class='ocrx_word' id='word_1_314' title='bbox 631 2446 670 2481; x_wconf 91' lang='lat' dir='ltr'><em>S¹</em></span> <span class='ocrx_word' id='word_1_315' title='bbox 762 2442 859 2489; x_wconf 60' lang='grc' dir='ltr'><em>ὑμῖν]</em></span> <span class='ocrx_word' id='word_1_316' title='bbox 883 2442 988 2490; x_wconf 75' lang='grc' dir='ltr'><em>ῧμῶν</em></span> <span class='ocrx_word' id='word_1_317' title='bbox 1013 2446 1083 2480; x_wconf 90' lang='lat' dir='ltr'><em>ML</em></span> <span class='ocrx_word' id='word_1_318' title='bbox 1185 2443 1324 2491; x_wconf 86' lang='grc' dir='ltr'><em>στήσει]</em></span> <span class='ocrx_word' id='word_1_319' title='bbox 1350 2442 1435 2490; x_wconf 63' lang='grc' dir='ltr'><em>ὑμῖν</em></span> <span class='ocrx_word' id='word_1_320' title='bbox 1460 2444 1586 2493; x_wconf 76' lang='grc' dir='ltr'><em>στήσει</em></span> <span class='ocrx_word' id='word_1_321' title='bbox 1612 2447 1739 2483; x_wconf 91' lang='lat' dir='ltr'>MSPL</span> <span class='ocrx_word' id='word_1_322' title='bbox 1832 2451 1852 2483; x_wconf 84' lang='lat'>9</span> <span class='ocrx_word' id='word_1_323' title='bbox 1878 2444 1994 2485; x_wconf 77' lang='grc' dir='ltr'><em>αὐτοῦ</em></span> 
     </span>
    </p>
   </div>
   <div class='ocr_carea' id='block_1_10' title="bbox 326 2495 1994 2999">
    <p class='ocr_par' dir='ltr' id='par_1_15' title="bbox 327 2495 1994 2607">
     <span class='ocr_line' id='line_1_36' title="bbox 327 2495 1994 2550; baseline 0.003 -14"><span class='ocrx_word' id='word_1_324' title='bbox 327 2502 431 2537; x_wconf 85' lang='lat' dir='ltr'>codd.</span> <span class='ocrx_word' id='word_1_325' title='bbox 505 2498 561 2543; x_wconf 81' lang='grc' dir='ltr'><em>ὃν]</em></span> <span class='ocrx_word' id='word_1_326' title='bbox 589 2495 684 2538; x_wconf 77' lang='grc' dir='ltr'><em>ὅσον</em></span> <span class='ocrx_word' id='word_1_327' title='bbox 707 2501 836 2537; x_wconf 90' lang='lat' dir='ltr'>MSPL</span> <span class='ocrx_word' id='word_1_328' title='bbox 908 2506 946 2538; x_wconf 81' lang='grc'>10</span> <span class='ocrx_word' id='word_1_329' title='bbox 973 2499 1080 2549; x_wconf 75' lang='grc' dir='ltr'><em>ἔχειν.</em></span> <span class='ocrx_word' id='word_1_330' title='bbox 1107 2516 1127 2537; x_wconf 80' lang='grc' dir='ltr'><em>ν</em></span> <span class='ocrx_word' id='word_1_331' title='bbox 1151 2513 1179 2537; x_wconf 81' lang='lat' dir='ltr'><em>s.</em></span> <span class='ocrx_word' id='word_1_332' title='bbox 1198 2502 1231 2537; x_wconf 82' lang='lat' dir='ltr'>R</span> <span class='ocrx_word' id='word_1_333' title='bbox 1301 2497 1450 2548; x_wconf 75' lang='grc' dir='ltr'><em>ἀρετῆς]</em></span> <span class='ocrx_word' id='word_1_334' title='bbox 1476 2498 1597 2549; x_wconf 74' lang='grc' dir='ltr'><em>ιῖρτῆσ</em></span> <span class='ocrx_word' id='word_1_335' title='bbox 1618 2503 1649 2538; x_wconf 91' lang='lat' dir='ltr'>L</span> <span class='ocrx_word' id='word_1_336' title='bbox 1718 2501 1994 2550; x_wconf 80' lang='grc' dir='ltr'><em>ἐπιτηδεύμασι]</em></span> 
     </span>
     <span class='ocr_line' id='line_1_37' title="bbox 328 2555 1904 2607; baseline 0.002 -13"><span class='ocrx_word' id='word_1_337' title='bbox 328 2555 550 2602; x_wconf 79' lang='grc' dir='ltr'><em>παιδεύμασι</em></span> <span class='ocrx_word' id='word_1_338' title='bbox 577 2557 606 2593; x_wconf 95' lang='grc' dir='ltr'><strong>Ο</strong></span> <span class='ocrx_word' id='word_1_339' title='bbox 703 2561 739 2593; x_wconf 86' lang='grc'><em>11</em></span> <span class='ocrx_word' id='word_1_340' title='bbox 765 2555 969 2605; x_wconf 76' lang='grc' dir='ltr'><em>χρήσεσθε]</em></span> <span class='ocrx_word' id='word_1_341' title='bbox 1001 2556 1195 2605; x_wconf 74' lang='grc' dir='ltr'><em>χρήσασθε</em></span> <span class='ocrx_word' id='word_1_342' title='bbox 1222 2562 1253 2598; x_wconf 84' lang='grc' dir='ltr'><em>(ε</em></span> <span class='ocrx_word' id='word_1_343' title='bbox 1277 2559 1300 2592; x_wconf 91' lang='grc' dir='ltr'><em>ἰ.</em></span> <span class='ocrx_word' id='word_1_344' title='bbox 1326 2569 1397 2593; x_wconf 81' lang='lat' dir='ltr'><strong>ras.</strong></span> <span class='ocrx_word' id='word_1_345' title='bbox 1425 2558 1490 2597; x_wconf 90' lang='lat' dir='ltr'><em>SP)</em></span> <span class='ocrx_word' id='word_1_346' title='bbox 1515 2559 1600 2595; x_wconf 91' lang='lat' dir='ltr'><em>SPL</em></span> <span class='ocrx_word' id='word_1_347' title='bbox 1623 2558 1839 2607; x_wconf 78' lang='grc' dir='ltr'><em>χρήσασθαι</em></span> <span class='ocrx_word' id='word_1_348' title='bbox 1865 2560 1904 2596; x_wconf 87' lang='grc' dir='ltr'><strong>Μ</strong></span> 
     </span>
    </p>

    <p class='ocr_par' dir='ltr' id='par_1_16' title="bbox 326 2611 1993 2999">
     <span class='ocr_line' id='line_1_38' title="bbox 330 2611 1902 2663; baseline 0.003 -14"><span class='ocrx_word' id='word_1_349' title='bbox 330 2617 369 2649; x_wconf 81' lang='lat'><em>12</em></span> <span class='ocrx_word' id='word_1_350' title='bbox 394 2612 496 2651; x_wconf 86' lang='grc' dir='ltr'><em>*τὰσ</em></span> <span class='ocrx_word' id='word_1_351' title='bbox 518 2611 703 2661; x_wconf 80' lang='grc' dir='ltr'><em>α’ρίστουσ</em></span> <span class='ocrx_word' id='word_1_352' title='bbox 718 2614 783 2649; x_wconf 89' lang='lat' dir='ltr'><em>Ro</em></span> <span class='ocrx_word' id='word_1_353' title='bbox 872 2618 911 2650; x_wconf 87' lang='lat'><em>13</em></span> <span class='ocrx_word' id='word_1_354' title='bbox 936 2611 1193 2661; x_wconf 75' lang='grc' dir='ltr'><em>*Ἑλεάζαρος-1</em></span> <span class='ocrx_word' id='word_1_355' title='bbox 1218 2613 1380 2661; x_wconf 78' lang='grc' dir='ltr'><em>ἐλεάροσ</em></span> <span class='ocrx_word' id='word_1_356' title='bbox 1406 2614 1448 2648; x_wconf 84' lang='grc' dir='ltr'><em>Ρ“</em></span> <span class='ocrx_word' id='word_1_357' title='bbox 1534 2619 1573 2650; x_wconf 72' lang='grc'><em>11</em></span> <span class='ocrx_word' id='word_1_358' title='bbox 1599 2611 1847 2663; x_wconf 73' lang='grc' dir='ltr'><em>*ἀκροᾶσθαι</em></span> <span class='ocrx_word' id='word_1_359' title='bbox 1873 2617 1902 2653; x_wconf 94' lang='grc' dir='ltr'><strong>Ο</strong></span> 
     </span>
     <span class='ocr_line' id='line_1_39' title="bbox 326 2668 1992 2721; baseline 0.002 -14"><span class='ocrx_word' id='word_1_360' title='bbox 326 2670 482 2717; x_wconf 75' lang='grc' dir='ltr'><em>ἄρχεται</em></span> <span class='ocrx_word' id='word_1_361' title='bbox 509 2671 538 2707; x_wconf 95' lang='lat' dir='ltr'>O</span> <span class='ocrx_word' id='word_1_362' title='bbox 635 2675 674 2707; x_wconf 88' lang='lat'><em>15</em></span> <span class='ocrx_word' id='word_1_363' title='bbox 700 2669 845 2708; x_wconf 84' lang='grc' dir='ltr'><em>ι”σονται</em></span> <span class='ocrx_word' id='word_1_364' title='bbox 871 2672 910 2707; x_wconf 91' lang='grc' dir='ltr'><strong>Μ</strong></span> <span class='ocrx_word' id='word_1_365' title='bbox 935 2668 1084 2708; x_wconf 76' lang='grc' dir='ltr'><em>ἔσονται</em></span> <span class='ocrx_word' id='word_1_366' title='bbox 1110 2672 1157 2706; x_wconf 87' lang='lat' dir='ltr'><em>L¹</em></span> <span class='ocrx_word' id='word_1_367' title='bbox 1252 2675 1291 2706; x_wconf 81' lang='grc'>16</span> <span class='ocrx_word' id='word_1_368' title='bbox 1317 2684 1356 2707; x_wconf 84' lang='grc' dir='ltr'><em>τε</em></span> <span class='ocrx_word' id='word_1_369' title='bbox 1382 2671 1537 2707; x_wconf 86' lang='lat' dir='ltr'>ROSPL</span> <span class='ocrx_word' id='word_1_370' title='bbox 1628 2669 1795 2719; x_wconf 76' lang='grc' dir='ltr'><em>ἡγεῖσθε]</em></span> <span class='ocrx_word' id='word_1_371' title='bbox 1820 2670 1992 2721; x_wconf 78' lang='grc' dir='ltr'><em>ἡγεῖσθαι</em></span> 
     </span>
     <span class='ocr_line' id='line_1_40' title="bbox 327 2724 1991 2777; baseline 0.003 -15"><span class='ocrx_word' id='word_1_372' title='bbox 327 2727 391 2762; x_wconf 85' lang='lat' dir='ltr'><em>Ro</em></span> <span class='ocrx_word' id='word_1_373' title='bbox 418 2724 533 2764; x_wconf 74' lang='grc' dir='ltr'><em>αὐτοῦ</em></span> <span class='ocrx_word' id='word_1_374' title='bbox 557 2726 709 2774; x_wconf 75' lang='grc' dir='ltr'><em>ἡγεῖσθε</em></span> <span class='ocrx_word' id='word_1_375' title='bbox 737 2728 766 2763; x_wconf 91' lang='lat' dir='ltr'>L</span> <span class='ocrx_word' id='word_1_376' title='bbox 839 2725 895 2769; x_wconf 85' lang='grc' dir='ltr'><em>τὸ]</em></span> <span class='ocrx_word' id='word_1_377' title='bbox 922 2730 986 2770; x_wconf 83' lang='grc' dir='ltr'><em>τῶ,</em></span> <span class='ocrx_word' id='word_1_378' title='bbox 1011 2730 1042 2764; x_wconf 82' lang='grc' dir='ltr'><em>ὦ</em></span> <span class='ocrx_word' id='word_1_379' title='bbox 1065 2739 1110 2764; x_wconf 82' lang='lat' dir='ltr'><em>ex</em></span> <span class='ocrx_word' id='word_1_380' title='bbox 1136 2725 1156 2764; x_wconf 86' lang='grc' dir='ltr'>ὸ</span> <span class='ocrx_word' id='word_1_381' title='bbox 1183 2738 1275 2764; x_wconf 85' lang='lat' dir='ltr'><strong>corr.</strong></span> <span class='ocrx_word' id='word_1_382' title='bbox 1301 2727 1328 2762; x_wconf 85' lang='lat' dir='ltr'><strong>P</strong></span> <span class='ocrx_word' id='word_1_383' title='bbox 1399 2735 1758 2775; x_wconf 74' lang='grc' dir='ltr'><em>προσσαγαι·ακτεῐν</em></span> <span class='ocrx_word' id='word_1_384' title='bbox 1781 2729 1814 2765; x_wconf 89' lang='lat' dir='ltr'>R</span> <span class='ocrx_word' id='word_1_385' title='bbox 1837 2743 1940 2777; x_wconf 84' lang='grc' dir='ltr'><em>προσ</em></span> <span class='ocrx_word' id='word_1_386' title='bbox 1956 2749 1964 2759; x_wconf 84' lang='grc'><em>·</em></span> <span class='ocrx_word' id='word_1_387' title='bbox 1982 2749 1991 2759; x_wconf 86' lang='grc'><em>·</em></span> 
     </span>
     <span class='ocr_line' id='line_1_41' title="bbox 328 2780 1903 2832; baseline 0.003 -13"><span class='ocrx_word' id='word_1_388' title='bbox 328 2781 494 2830; x_wconf 80' lang='grc' dir='ltr'><em>ανάγκην</em></span> <span class='ocrx_word' id='word_1_389' title='bbox 518 2792 623 2827; x_wconf 80' lang='lat' dir='ltr'><strong>(eras.</strong></span> <span class='ocrx_word' id='word_1_390' title='bbox 652 2798 705 2831; x_wconf 89' lang='grc' dir='ltr'><em>-γ,</em></span> <span class='ocrx_word' id='word_1_391' title='bbox 729 2798 776 2830; x_wconf 86' lang='grc' dir='ltr'><em>γκ</em></span> <span class='ocrx_word' id='word_1_392' title='bbox 799 2784 822 2819; x_wconf 92' lang='lat' dir='ltr'><em>i.</em></span> <span class='ocrx_word' id='word_1_393' title='bbox 837 2795 966 2820; x_wconf 77' lang='lat' dir='ltr'>ras-m.</span> <span class='ocrx_word' id='word_1_394' title='bbox 987 2787 1019 2827; x_wconf 86' lang='lat'><em>2)</em></span> <span class='ocrx_word' id='word_1_395' title='bbox 1043 2784 1066 2820; x_wconf 88' lang='lat' dir='ltr'>S</span> <span class='ocrx_word' id='word_1_396' title='bbox 1163 2788 1200 2820; x_wconf 78' lang='lat'><em>17</em></span> <span class='ocrx_word' id='word_1_397' title='bbox 1227 2780 1367 2827; x_wconf 75' lang='grc' dir='ltr'><em>α’ξιοῦσι</em></span> <span class='ocrx_word' id='word_1_398' title='bbox 1394 2784 1503 2819; x_wconf 73' lang='lat' dir='ltr'>ROP2</span> <span class='ocrx_word' id='word_1_399' title='bbox 1599 2789 1639 2820; x_wconf 84' lang='grc'>19</span> <span class='ocrx_word' id='word_1_400' title='bbox 1664 2783 1747 2828; x_wconf 65' lang='grc' dir='ltr'><em>ἕξει]</em></span> <span class='ocrx_word' id='word_1_401' title='bbox 1772 2781 1846 2832; x_wconf 70' lang='grc' dir='ltr'><em>ἥξει</em></span> <span class='ocrx_word' id='word_1_402' title='bbox 1873 2786 1903 2822; x_wconf 90' lang='grc' dir='ltr'>Ο</span> 
     </span>
     <span class='ocr_line' id='line_1_42' title="bbox 327 2834 1993 2888; baseline 0.004 -14"><span class='ocrx_word' id='word_1_403' title='bbox 327 2837 420 2886; x_wconf 69' lang='grc' dir='ltr'><em>ἴσην]</em></span> <span class='ocrx_word' id='word_1_404' title='bbox 448 2834 541 2887; x_wconf 75' lang='grc' dir='ltr'><em>ὅσην</em></span> <span class='ocrx_word' id='word_1_405' title='bbox 562 2841 593 2876; x_wconf 93' lang='lat' dir='ltr'>L</span> <span class='ocrx_word' id='word_1_406' title='bbox 677 2844 718 2876; x_wconf 86' lang='lat'><em>20</em></span> <span class='ocrx_word' id='word_1_407' title='bbox 744 2844 850 2883; x_wconf 86' lang='grc' dir='ltr'><em>ποτε]</em></span> <span class='ocrx_word' id='word_1_408' title='bbox 876 2855 915 2878; x_wconf 84' lang='grc' dir='ltr'><em>τε</em></span> <span class='ocrx_word' id='word_1_409' title='bbox 941 2841 1004 2877; x_wconf 87' lang='lat' dir='ltr'><em>RO</em></span> <span class='ocrx_word' id='word_1_410' title='bbox 1087 2838 1317 2888; x_wconf 74' lang='grc' dir='ltr'><em>λαμβάνεται</em></span> <span class='ocrx_word' id='word_1_411' title='bbox 1345 2841 1373 2876; x_wconf 94' lang='lat' dir='ltr'>O</span> <span class='ocrx_word' id='word_1_412' title='bbox 1458 2844 1499 2876; x_wconf 78' lang='lat'><em>22</em></span> <span class='ocrx_word' id='word_1_413' title='bbox 1525 2839 1545 2887; x_wconf 83' lang='grc' dir='ltr'><em>ἢ</em></span> <span class='ocrx_word' id='word_1_414' title='bbox 1572 2852 1639 2877; x_wconf 90' lang='lat' dir='ltr'><em>om.</em></span> <span class='ocrx_word' id='word_1_415' title='bbox 1667 2842 1706 2877; x_wconf 87' lang='grc' dir='ltr'><strong>Μ</strong></span> <span class='ocrx_word' id='word_1_416' title='bbox 1800 2841 1993 2888; x_wconf 73' lang='grc' dir='ltr'><em>ὀνειδίζων</em></span> 
     </span>
     <span class='ocr_line' id='line_1_43' title="bbox 327 2891 1991 2943; baseline 0.004 -12"><span class='ocrx_word' id='word_1_417' title='bbox 327 2899 371 2937; x_wconf 83' lang='grc' dir='ltr'><em>(ω</em></span> <span class='ocrx_word' id='word_1_418' title='bbox 396 2907 441 2931; x_wconf 87' lang='lat' dir='ltr'><em>ex</em></span> <span class='ocrx_word' id='word_1_419' title='bbox 466 2910 495 2932; x_wconf 68' lang='grc' dir='ltr'><em>ει</em></span> <span class='ocrx_word' id='word_1_420' title='bbox 522 2907 614 2933; x_wconf 90' lang='lat' dir='ltr'><strong>corr.</strong></span> <span class='ocrx_word' id='word_1_421' title='bbox 640 2897 682 2939; x_wconf 83' lang='lat' dir='ltr'><em>P)</em></span> <span class='ocrx_word' id='word_1_422' title='bbox 706 2898 734 2932; x_wconf 95' lang='lat' dir='ltr'>P</span> <span class='ocrx_word' id='word_1_423' title='bbox 760 2900 797 2933; x_wconf 85' lang='lat' dir='ltr'><em>et</em></span> <span class='ocrx_word' id='word_1_424' title='bbox 820 2897 902 2933; x_wconf 84' lang='lat' dir='ltr'>fort.</span> <span class='ocrx_word' id='word_1_425' title='bbox 930 2898 1001 2934; x_wconf 83' lang='lat' dir='ltr'><em>Lat</em></span> <span class='ocrx_word' id='word_1_426' title='bbox 1094 2901 1135 2933; x_wconf 70' lang='lat'><em>223</em></span> <span class='ocrx_word' id='word_1_427' title='bbox 1160 2894 1224 2934; x_wconf 80' lang='grc' dir='ltr'><em>ἐπ’</em></span> <span class='ocrx_word' id='word_1_428' title='bbox 1249 2891 1390 2940; x_wconf 65' lang='grc' dir='ltr'><em>ἐξόδου]</em></span> <span class='ocrx_word' id='word_1_429' title='bbox 1416 2893 1482 2935; x_wconf 74' lang='grc' dir='ltr'><em>ἐπ’</em></span> <span class='ocrx_word' id='word_1_430' title='bbox 1505 2896 1624 2941; x_wconf 75' lang='grc' dir='ltr'><em>ἐξόδω</em></span> <span class='ocrx_word' id='word_1_431' title='bbox 1649 2899 1702 2935; x_wconf 89' lang='lat' dir='ltr'><em>SP</em></span> <span class='ocrx_word' id='word_1_432' title='bbox 1727 2896 1904 2943; x_wconf 77' lang='grc' dir='ltr'><em>ἐπιδόξου</em></span> <span class='ocrx_word' id='word_1_433' title='bbox 1927 2899 1991 2937; x_wconf 82' lang='lat' dir='ltr'><em>Ro</em></span> 
     </span>
     <span class='ocr_line' id='line_1_44' title="bbox 327 2949 1426 2999; baseline 0.001 -11"><span class='ocrx_word' id='word_1_434' title='bbox 327 2949 368 2988; x_wconf 75' lang='grc' dir='ltr'><em>ἐν</em></span> <span class='ocrx_word' id='word_1_435' title='bbox 392 2950 508 2995; x_wconf 76' lang='grc' dir='ltr'><em>ἐξόὸω</em></span> <span class='ocrx_word' id='word_1_436' title='bbox 534 2953 564 2988; x_wconf 91' lang='lat' dir='ltr'>L</span> <span class='ocrx_word' id='word_1_437' title='bbox 659 2956 699 2988; x_wconf 72' lang='grc'>21</span> <span class='ocrx_word' id='word_1_438' title='bbox 727 2951 792 2999; x_wconf 64' lang='grc' dir='ltr'><em>τὴν</em></span> <span class='ocrx_word' id='word_1_439' title='bbox 817 2964 883 2990; x_wconf 90' lang='lat' dir='ltr'><em>om.</em></span> <span class='ocrx_word' id='word_1_440' title='bbox 911 2954 1036 2990; x_wconf 88' lang='lat' dir='ltr'>MSPL</span> <span class='ocrx_word' id='word_1_441' title='bbox 1131 2950 1176 2990; x_wconf 78' lang='grc' dir='ltr'><em>ὂν</em></span> <span class='ocrx_word' id='word_1_442' title='bbox 1201 2965 1244 2989; x_wconf 84' lang='lat' dir='ltr'><em>ex</em></span> <span class='ocrx_word' id='word_1_443' title='bbox 1270 2963 1360 2989; x_wconf 81' lang='lat' dir='ltr'>corr.</span> <span class='ocrx_word' id='word_1_444' title='bbox 1387 2953 1426 2989; x_wconf 84' lang='lat' dir='ltr'>M</span> 
     </span>
    </p>
   </div>
   <div class='ocr_carea' id='block_1_11' title="bbox 2025 922 2062 956">
    <p class='ocr_par' dir='ltr' id='par_1_17' title="bbox 2025 922 2062 956">
     <span class='ocr_line' id='line_1_45' title="bbox 2025 922 2062 956; baseline 0.027 -1"><span class='ocrx_word' id='word_1_445' title='bbox 2025 922 2062 956; x_wconf 88' lang='grc'>10</span> 
     </span>
    </p>
   </div>
   <div class='ocr_carea' id='block_1_12' title="bbox 2027 1260 2067 1294">
    <p class='ocr_par' dir='ltr' id='par_1_18' title="bbox 2027 1260 2067 1294">
     <span class='ocr_line' id='line_1_46' title="bbox 2027 1260 2067 1294; baseline 0 0"><span class='ocrx_word' id='word_1_446' title='bbox 2027 1260 2067 1294; x_wconf 88' lang='grc'>15</span> 
     </span>
    </p>
   </div>
  </div>
 </body>
</html>
