2091 3418
0 129 1 150 1

0 165 2 284 ι
582 225 742 269 ANTIQ.
769 225 864 260 IUD.
892 225 922 260 V
948 228 1081 260 til—66
1106 227 1128 266 (Ι
1149 231 1196 258 17.
1215 231 1266 267 ιε)
1677 222 1757 260 305

86 337 253 398 Ἰησοῦς
285 338 329 381 ἓν
359 355 447 381 τινι
477 342 804 393 κρυπτομένους
836 339 1043 395 σπηλαίῳ
1084 336 1193 379 κατὰ
1226 338 1437 391 ῘΙΊακχίδα
1477 339 1546 380 καὶ
1587 336 1759 388 κολάζει

93 407 279 456 πάντας.
331 400 400 447 ὅτι.
433 406 479 448 δὲ
510 404 558 447 τὸ
592 408 727 461 μῆκος
757 407 834 461 τῆς
869 403 1030 461 ἡμέρας
1062 404 1256 446 ἐπέδωκε
1285 405 1385 446 τότε
1415 406 1486 447 καὶ
1518 407 1596 446 τοῦ
1629 403 1759 460 συνή-

93 479 207 525 θους
239 473 493 524 ἐπλεόνασε,
526 473 735 529 δηλοῦται
768 471 840 515 διὰ
871 475 958 514 τῶν
989 467 1282 525 ἀνακειμένων
1319 471 1362 514 ἐν
1393 474 1456 527 τῷ
1488 472 1590 528 ἱερῷ
1621 489 1760 527 γραμ-

94 542 259 598 μάτων.

46 619 64 651 5
212 613 275 652 18.
310 611 717 663 Κατεστραμμέιίον
748 603 788 648 δ’
817 601 955 656 οῧτως
975 609 1061 649 τῶν
1093 608 1195 660 περὶ
1217 605 1319 656 τοὺς
1337 606 1563 660 βασιλέας,
1596 608 1639 648 οἳ
1658 605 1761 655 τοὺς
1777 609 1830 649 62

98 680 370 731 Γεβεωνίτας
400 674 727 731 πολεμήσοντες
763 673 1076 730 ἐστράτευσαν,
1120 672 1304 729 ἐπανῄει
1335 673 1471 716 πάλιν
1501 675 1578 728 τῆς
1610 678 1763 715 Χανα-

96 748 224 793 ναίας
256 742 332 786 ἐπὶ
353 742 430 798 τὴν
462 738 634 799 ὀρεινὴν
662 738 825 798 Ἰησοῦς
855 743 926 783 καὶ
953 739 1092 782 πολὺν
1113 742 1200 782 τῶν
1222 739 1265 782 ἕν
1289 736 1397 797 αὐτῇ
1420 740 1557 797 φόνον
1581 739 1764 795 ἐργασά-

96 828 226 867 μενος
266 812 338 853 καὶ
379 811 500 852 λείαν
540 808 686 863 λαβών
726 811 871 864 παρῆν
912 808 974 858 εἰς
1005 807 1052 849 τὸ
1095 806 1139 849 ἐν
1172 806 1417 862 Γαλγάλοις
1448 808 1764 864 στρατόπεδον.

97 881 174 921 τοῦ
212 879 258 921 δὲ
290 879 394 933 περὶ
425 880 501 932 τῆς
530 879 618 919 τῶν
645 874 854 930 Ἑβραίων
887 871 1042 932 ἀρετῆς
1074 874 1202 930 λόγου
1234 876 1402 917 πολλοῦ
1424 878 1670 932 φοιτῶντος
1702 875 1764 924 εἰς
1781 878 1834 919 63

4 996 5 1011 ¹
31 955 67 988 10
97 945 200 997 τοὺς
232 949 485 1001 περιοίκους
515 943 787 1000 κατάπληξις
818 941 905 996 εἶχε
934 941 1036 992 τοὺς
1067 938 1305 992 ἀκούοντας
1336 941 1384 985 τὸ
1413 945 1500 985 τῶν
1531 939 1767 985 ἀπολωλό-

4 1017 5 1020 ’
97 1030 185 1056 των
224 1014 403 1068 πλῆθος
442 1013 514 1054 καὶ
555 1011 867 1066 στρατεύουσιν
906 1006 981 1053 ἐπ’
1009 1006 1167 1060 αὐτούς
1207 1010 1250 1052 οἱ
1290 1012 1394 1066 περὶ
1425 1014 1630 1064 Λίβανον
1665 1006 1768 1065 ὅρος

98 1081 298 1137 βασιλεῖς
329 1076 451 1129 ὄντες
482 1083 733 1121 Χαναναῖοι
764 1080 836 1121 καὶ
869 1078 910 1121 οἱ
952 1077 997 1120 ἐν
1035 1087 1129 1127 τοῖς
1166 1077 1342 1127 πεδίοις
1379 1079 1467 1119 τῶν
1497 1081 1768 1120 Χαναναίων

100 1148 430 1196 Παλαιστίνους
462 1146 793 1200 προσλαβόντες
824 1145 1228 1201 στρατοπεδεύουσι
1260 1143 1375 1199 πρὸς
1408 1145 1605 1201 Βηρώθῃ
1638 1144 1771 1187 πόλει

103 1215 345 1263 Γαλιλαίας
382 1216 459 1270 τῆς
499 1210 589 1256 ἄνω
631 1214 826 1270 Κεδέσης
865 1210 915 1255 οὗ
956 1213 1133 1269 πόρρω·
1181 1213 1434 1255 Γαλιλαίων
1476 1208 1517 1254 δ’
1554 1211 1648 1254 ἐστὶ
1697 1212 1770 1253 καὶ

34 1291 70 1325 15
100 1285 228 1325 τοῦτο
258 1281 308 1324 τὸ
338 1284 514 1334 χωρίον.
574 1283 654 1322 τοῦ
686 1281 732 1323 δὲ
764 1282 953 1336 στρατοῦ
984 1279 1154 1330 παντὸς
1193 1277 1392 1322 ὁπλιτῶν
1429 1280 1509 1334 μὲν
1546 1271 1657 1335 ἦσαν
1687 1296 1769 1333 μυ-
1786 1283 1840 1322 64

6 1351 8 1353 ’
103 1349 254 1406 ριάδες
290 1348 526 1403 τριάκοντα
565 1348 716 1404 μύριοι
757 1344 798 1390 δ’
835 1348 992 1396 ἱππεῖς
1029 1348 1102 1389 καὶ
1144 1342 1320 1402 ἅρματα
1361 1346 1585 1403 δισμύρια.
1639 1362 1775 1388 κατα-

104 1416 289 1473 πλήττει
330 1415 456 1459 δὲτὸ
497 1416 677 1471 πλῆθος
714 1417 802 1457 τῶν
843 1415 1071 1468 πολεμίων
1113 1409 1245 1457 αὐτόν
1284 1431 1331 1456 τε
1357 1409 1523 1471 Ἰησοῦν
1561 1415 1636 1456 καὶ
1674 1412 1776 1462 τοὺς

99 1480 373 1541 Ἰσραηλίτας
403 1484 477 1525 καὶ
508 1481 623 1536 πρὸς
652 1481 731 1537 τὴν
763 1481 925 1524 ἐλπίδα
946 1483 1025 1523 τοῦ
1045 1484 1292 1536 κρείττονος
1315 1477 1640 1537 εὐλαβεστέρως
1661 1478 1776 1534 εἶχον

107 1546 169 1594 δι’
195 1548 445 1607 ὑπερβολὴν
481 1552 559 1592 τοῦ
599 1550 737 1600 δέους.
797 1551 876 1592 τοῦ
913 1551 1026 1591 θεοῦ
1065 1544 1102 1590 δ’
1131 1547 1479 1599 ἐξονειδίσαντος
1519 1545 1668 1598 αὐτοῖς
1696 1547 1774 1590 τὸν
1791 1550 1845 1590 65

39 1629 76 1662 20
107 1617 249 1676 φόβον
279 1620 353 1660 καὶ
383 1621 428 1660 τί
456 1618 593 1660 πλέον
624 1620 701 1673 τῆς
733 1612 843 1671 παρ’
872 1612 1006 1659 αὐτοῦ
1043 1620 1264 1674 βοηθείας
1302 1619 1543 1669 ποθοῦσιν,
1582 1613 1779 1668 ὑποσχο-

107 1688 240 1740 μένου
272 1701 320 1728 τε
351 1684 543 1741 νικήσειν
581 1683 684 1734 τους
724 1682 911 1739 ἐχθροὺς
947 1685 1019 1726 καὶ
1056 1683 1342 1734 κελεύσαντος
1380 1683 1483 1734 τούς
1520 1700 1569 1726 τε
1608 1683 1781 1732 ἵππους

110 1749 352 1809 ἀχρήστους
382 1754 572 1807 ποιῆσαι
602 1753 675 1794 καὶ
705 1751 761 1793 τὰ
793 1746 969 1805 ἅρματα
1004 1753 1234 1805 πυρῶσαι,
1273 1752 1528 1806 θαρσαλέος
1558 1749 1673 1805 πρὸς
1701 1749 1782 1800 τὰς

108 1817 372 1873 ὑποσχέσεις
392 1821 471 1861 τοῦ
496 1820 608 1861 θεοῦ
636 1819 869 1874 γενόμενος
898 1818 1147 1875 ἐξώρμησεν
1178 1817 1254 1861 ἐπὶ
1283 1817 1388 1869 τοὺς
1417 1819 1672 1872 πολεμίους,
1704 1819 1779 1860 καὶ
1796 1819 1850 1860 66

113 1886 187 1932 διὰ
221 1890 430 1944 πέμπτης
459 1884 626 1943 ἡμέρας
657 1882 729 1928 ἐπ’
758 1882 916 1936 αὐτοὺς
947 1884 1094 1928 ἐλθών
1126 1885 1343 1929 συνάπτει
1362 1887 1437 1929 καὶ
1457 1884 1646 1943 καρτερὰ
1667 1884 1782 1942 μάχη

227 2000 248 2043 ξ
273 2002 312 2034 61
340 2017 385 2029 =
408 2000 518 2035 Iosua
541 1999 575 2034 X
602 2001 661 2042 16;
688 2000 709 2042 ξ
735 2000 777 2033 62
803 2014 846 2026 =
869 1997 979 2034 Iosua
1001 1997 1054 2033 XI
1081 2001 1110 2032 1.

226 2099 694 2136 ROMSPLELatZonaras
717 2099 737 2134 I
759 2111 794 2144 p.
822 2101 879 2134 79.

231 2159 247 2192 1
274 2157 384 2198 *τινι]
410 2169 444 2192 τι
467 2155 502 2190 R
522 2154 526 2157 ’
594 2156 786 2201 Μακχίδα]
810 2157 982 2201 μακχηδα
1001 2155 1041 2189 Μ
1065 2156 1239 2201 μακκηδοῖ
1254 2154 1319 2190 ΡΕ
1343 2156 1528 2201 μακκηδᾶι
1553 2153 1577 2188 S
1601 2150 1787 2199 μακήχιδα

114 2213 145 2248 L
170 2212 370 2248 maccidam
386 2212 458 2247 Lat
527 2214 546 2245 5
574 2205 674 2248 οὕτω
690 2212 723 2246 Ε
801 2218 888 2247 τοῑσ
911 2212 1176 2258 γαβαωνίταισ
1200 2210 1233 2245 Ε
1310 2210 1561 2257 γαβαωνίτασ
1583 2211 1622 2250 (α
1648 2211 1732 2244 ante
1758 2223 1788 2245 ω

116 2313 162 2337 ex
186 2316 224 2338 αι
250 2312 342 2338 corr.
367 2301 404 2341 S)
431 2300 560 2335 SLLat
583 2301 847 2347 γαβαιωνίτασ
869 2301 898 2336 Ρ
1015 2303 1035 2333 6
1060 2296 1379 2346 *πολεμήσαντεσ
1404 2299 1466 2334 OL
1492 2278 1790 2346 πολεμὴσιῖἶτεσ,

117 2368 145 2393 s.
170 2369 216 2393 m.
242 2368 314 2392 rec.
339 2358 379 2392 M
471 2353 623 2398 *πάλιν,
648 2370 669 2391 ν
691 2357 714 2391 i.
741 2367 813 2391 ras.
839 2359 858 2390 3
883 2357 952 2392 litt.
977 2357 1009 2391 L
1103 2360 1121 2390 7
1147 2357 1266 2398 *τῶν]
1291 2352 1362 2392 τὸν
1386 2355 1448 2390 OL
1543 2357 1561 2390 8
1588 2356 1681 2392 *καὶ
1706 2358 1792 2391 ante

118 2415 224 2450 λείαν
249 2423 316 2448 om.
343 2413 413 2448 Lat
505 2416 525 2448 9
551 2415 621 2459 τῆσ
645 2423 672 2447 s.
698 2412 732 2446 R
823 2415 900 2448 τῶν
924 2423 991 2448 om.
1017 2412 1178 2448 MSPLE
1274 2416 1311 2447 11
1338 2409 1652 2458 *στρατεύουσινΙ
1680 2424 1793 2458 στρα·

120 2464 266 2506 τεύσειν
289 2469 343 2505 SP
461 2471 502 2503 12
527 2470 680 2511 πεδίοις]
707 2471 876 2505 πεδινοῖσ
900 2468 1054 2504 MEZon
1176 2471 1218 2502 13
1243 2462 1575 2515 *προσλαβόντεςἸ
1601 2465 1793 2515 λαβόντεσ

120 2525 216 2561 ROL
293 2522 649 2572 στρατοπεδεύουσι]
675 2521 846 2571 ἔγνωσαν
872 2521 1216 2572 στρατοπεδεύουσι
1239 2524 1380 2566 τοίνυν,
1406 2521 1580 2570 ἔγνωσαν
1604 2526 1641 2558 et
1665 2525 1795 2560 τοίνυν

122 2593 150 2617 s.
167 2593 214 2616 m.
241 2584 260 2616 2
286 2581 364 2617 siue
388 2584 407 2616 3
432 2581 461 2616 P
487 2579 735 2628 στρατεύουσι
759 2582 790 2616 L
816 2583 1064 2625 neum-umque
1087 2579 1161 2615 Lat
1252 2577 1428 2626 Βηρώθῃ]
1453 2582 1616 2627 βηρωθῆ
1641 2579 1705 2615 Ro
1731 2579 1794 2626 ρο-

122 2635 234 2685 βώθη
259 2638 283 2673 S
307 2635 465 2685 ῥαβάθη
489 2637 513 2672 i.
530 2638 686 2682 marg.L
712 2637 857 2683 byrotlzi
880 2637 952 2672 Lat
977 2633 1153 2682 Μηρώθῃ
1177 2636 1328 2679 Masius,
1355 2636 1401 2671 cf.
1427 2636 1509 2671 bell.
1539 2635 1618 2670 Iud.
1636 2635 1690 2670 III
1715 2639 1794 2680 3,1,

123 2694 188 2730 uit.
216 2697 256 2728 37
400 2697 442 2729 14
466 2693 628 2740 Κεδέσης
654 2689 710 2736 οὗ]
735 2696 799 2729 καὶ
823 2693 934 2739 δέσησ
959 2688 1003 2728 ού
1027 2692 1134 2727 RLat
1156 2694 1220 2728 καὶ
1243 2690 1375 2738 ἐδέσησ
1401 2686 1446 2728 ού
1471 2691 1500 2726 O
1527 2689 1733 2739 κεδεσήσου
1756 2693 1796 2727 Μ

125 2753 190 2786 καὶ
211 2750 367 2796 κεδέσησ
393 2745 437 2786 οὗ
463 2750 549 2784 SPL
667 2749 886 2795 Κεδέσης-
902 2752 940 2782 15
964 2749 1121 2795 χωρίον]
1148 2751 1182 2783 et
1206 2747 1330 2782 deseec
1354 2748 1417 2792 qui
1441 2747 1543 2782 locus
1568 2758 1641 2782 non
1663 2748 1800 2794 procul

126 2818 150 2841 a
172 2806 316 2853 qalilee's
341 2809 393 2840 est
417 2806 488 2840 Lat
592 2806 630 2842 δὲ
653 2806 724 2841 ML
834 2802 910 2841 ἔστι
935 2804 1000 2839 Ro
1113 2806 1152 2839 16
1177 2805 1331 2850 *μυρίοι
1355 2803 1387 2837 L
1503 2803 1650 2850 *ἳππῆσ
1674 2803 1707 2839 R

128 2859 307 2908 δυσμύρια
332 2862 398 2896 LE
423 2860 622 2908 τρισμύρια
646 2862 726 2897 Zon
818 2864 860 2896 20
887 2862 932 2902 τί]
959 2860 993 2896 εἰ
1015 2859 1142 2895 MSPL
1166 2860 1201 2894 Si
1214 2859 1287 2894 Lat
1378 2861 1582 2901 ποθοῦσιν]
1607 2862 1799 2904 μαθοῦσιν

128 2917 193 2953 Ro
318 2919 358 2951 21
386 2914 506 2954 *τοὺσ
529 2915 698 2966 ἐχθροὺσ
722 2914 886 2963 νικήσειν
909 2919 954 2952 tr.
980 2915 1020 2950 M
1140 2912 1293 2957 ἵππους]
1317 2926 1428 2961 equos
1454 2915 1612 2951 hostium
1637 2915 1709 2951 Lat

131 2975 174 3007 22
197 2973 429 3020 θαρσαλέωσ
453 2973 482 3009 O

199 3033 338 3068 Iosephus
356 3036 379 3063 Ι.
1486 3030 1528 3062 20
