2170 3475
317 252 468 288 LXXIV
1048 246 1241 281 Praefatio.

320 367 474 412 Oxonii
509 367 613 406 1720
645 362 808 405 duobus
839 360 1133 405 uoluminibus.
1145 359 1175 413 ¹)
1223 370 1323 400 usus
1355 362 1419 399 est
1448 357 1623 400 Hudson
1654 357 1852 400 subsidiis
1877 357 1977 400 Ber-

320 435 453 486 nardi,
486 445 609 486 quem
641 436 835 473 accurate
866 433 1032 471 secutus
1065 430 1140 480 est,
1176 426 1261 468 alia
1291 428 1433 467 tamen
1463 425 1628 467 ratione
1659 425 1887 468 editionem
1917 425 1978 466 in-

322 502 474 554 stituit,
517 513 609 542 cum
651 498 969 540 adnotationum
1010 494 1121 536 mole
1162 492 1319 535 omissa
1359 492 1473 534 solas
1504 492 1644 534 uarias
1675 492 1876 536 lectiones
1908 506 1980 535 ex-

321 569 498 611 hiberet.
549 566 785 609 uei-sionem
807 565 1000 607 Latinam
1024 560 1141 603 dedit
1161 574 1242 601 non
1265 559 1496 612 antiquam,
1527 559 1603 602 sed
1625 573 1650 600 a
1671 573 1715 602 se
1736 566 1979 602 correctam.

434 635 606 677 Interim
653 633 696 675 in
735 632 963 676 Germania
1007 642 1116 671 anno
1159 630 1260 668 1691
1309 639 1420 668 noua
1463 631 1615 681 parata
1659 631 1748 670 erat
1788 627 1916 670 editio
1955 640 1983 670 a

323 704 489 746 Thoma
509 701 652 756 Ittigio
683 701 919 755 professore
940 695 1152 752 Lipsiensi
1182 695 1419 749 sumptibus
1441 695 1623 736 Mauritii
1646 695 1816 749 Georgii
1839 694 1981 738 Weid-

324 771 465 812 manni
486 769 718 824 Lipsiensis
731 767 779 821 2),
811 767 852 809 in
875 779 958 820 qua
979 763 1194 807 laudanda
1225 766 1288 806 est
1309 762 1439 816 Ittigii
1469 762 1687 817 praefatio,
1720 776 1803 817 qua
1835 762 1981 806 editio-

324 852 421 880 num
462 837 629 892 Iosephi
669 835 888 878 historiam
934 832 1221 888 persequitur,
1271 835 1454 873 ceterum
1494 831 1611 873 nulla
1648 829 1839 872 subsidia
1875 842 1986 872 noua

323 909 550 961 parauerat
586 903 792 946 editiones
831 903 990 957 priores
1029 900 1207 941 iterasse
1251 901 1481 941 contentus.
1543 898 1747 940 Bernardi
1786 897 1984 941 editionis

326 973 539 1028 specimen
570 976 716 1014 extare
747 970 952 1023 audierat,
984 967 1060 1011 sed
1090 967 1182 1022 ipse
1212 980 1294 1009 non
1326 965 1503 1008 uiderat.
1565 965 1747 1019 denique
1778 964 1984 1008 Bernardi

325 1040 515 1083 Hudsoni
548 1039 678 1092 Ittigii
718 1038 931 1080 uolumina
969 1033 1285 1090 comprehendit
1324 1033 1570 1087 Sigebertus
1600 1033 1874 1089 Hauerkamp
1906 1034 1986 1076 Ba-

326 1113 460 1160 tauus,
493 1107 610 1150 cuius
641 1106 770 1149 editio
793 1104 988 1158 Lugduni
1010 1104 1265 1145 Batauorum
1298 1102 1462 1144 duobus
1487 1101 1770 1144 uoluminibus
1791 1101 1988 1144 maximis

325 1175 482 1230 prodiit
511 1188 620 1216 anno
660 1177 774 1216 1726.
836 1186 918 1225 qua
951 1177 990 1214 et
1022 1174 1240 1213 contextus
1270 1170 1496 1212 uerborum
1528 1175 1569 1211 et
1599 1168 1735 1211 uersio
1775 1169 1909 1211 latina
1948 1173 1990 1212 et

326 1248 450 1285 notae
489 1243 694 1297 repetitae
734 1245 830 1284 sunt
869 1254 921 1283 ex
967 1239 1152 1281 editione
1193 1237 1384 1280 Hudsoni
1423 1237 1600 1279 adiectis
1633 1235 1839 1279 Bernardi
1878 1250 1989 1280 eom·

328 1310 563 1363 mentariis3
594 1324 690 1352 nam
722 1310 813 1364 ipse
835 1308 1173 1360 Hauerkammis,
1205 1306 1318 1358 quod
1348 1306 1402 1348 ad
1434 1305 1542 1347 hanc
1566 1305 1866 1358 antiquitatum
1896 1317 1990 1359 par-

329 1386 412 1420 tem
443 1378 643 1432 pertinet,
683 1378 727 1419 id
759 1379 893 1420 solum
931 1375 1160 1430 praestitit,
1202 1379 1246 1415 ut
1287 1373 1470 1415 uirorum
1511 1374 1747 1426 doctorum,
1787 1371 1993 1427 imprimis

330 1446 528 1488 Iohannis
560 1445 728 1498 Coccei,
771 1444 1002 1487 Ezechielis
1034 1440 1266 1497 Spanhemi
1296 1440 1558 1493 aliorumque
1589 1446 1711 1482 notas
1748 1444 1790 1482 et
1828 1440 1992 1482 coniec-

331 1519 446 1556 turas
484 1513 795 1556 commentariis
833 1513 1045 1555 insereret.
1105 1509 1269 1563 accepit
1298 1513 1520 1562 praeterea
1551 1521 1576 1548 a
1607 1508 1763 1550 Iacobo
1795 1507 1992 1562 Philippo

331 1581 532 1624 d'Oruille
574 1581 818 1624 collationes
855 1580 1045 1622 codicum
1079 1577 1303 1630 Regiorum
1334 1576 1642 1629 Parisinorum,
1684 1576 1790 1617 inter
1822 1588 1927 1628 quos
1957 1575 1996 1617 R

332 1655 374 1692 et
404 1650 436 1691 P
469 1654 552 1702 est,
592 1649 667 1691 sed
697 1649 800 1690 nihil
833 1648 892 1690 eis
924 1660 1024 1689 usus
1055 1646 1097 1687 in
1127 1644 1361 1699 appendice
1391 1643 1576 1697 addidit;
1620 1656 1702 1696 quo
1732 1643 1889 1686 factum
1919 1646 1995 1696 est,

333 1722 378 1759 ut
408 1731 433 1759 a
463 1717 642 1772 posteris
674 1729 840 1770 quoque
876 1715 1208 1769 neglegerentur.
1271 1726 1363 1754 cum
1402 1711 1530 1764 igitur
1568 1710 1681 1765 apud
1721 1724 1816 1753 eum
1856 1710 1999 1753 omnia

336 1797 445 1837 quae
477 1784 532 1826 ad
564 1784 790 1838 Iosephum
822 1781 1131 1824 emendandum
1164 1785 1205 1822 et
1248 1779 1546 1834 explicandum
1586 1777 1707 1820 utilia
1745 1777 1999 1820 uidebantur

335 1853 377 1893 in
408 1866 534 1894 unum
566 1853 702 1894 locum
734 1855 932 1903 congesta
972 1848 1246 1901 haberentur,
1288 1847 1442 1889 exinde
1482 1859 1532 1887 co
1573 1845 1759 1888 maxime
1796 1845 1861 1887 usi
1901 1847 1999 1887 sunt

337 1921 526 1963 homines
557 1919 682 1972 docti,
713 1919 819 1960 inter
849 1929 954 1969 quos
985 1916 1140 1959 eminet
1165 1915 1255 1957 Ioh.
1277 1917 1382 1969 Aug.
1406 1913 1584 1965 Ernesti,
1617 1912 1687 1965 qui
1721 1912 1832 1954 haud
1863 1925 1999 1967 pauca

336 1988 517 2031 feliciter
548 1985 803 2038 emendauit,
833 1985 1009 2027 collecta
1033 1996 1083 2025 ca
1107 1983 1148 2023 in
1171 1980 1539 2022 eamr-vitalianibus
1566 1979 2000 2034 phe’loloyz'eo-ere‘tieis

340 2058 379 2095 in
411 2054 705 2108 ⁴irzlstoplzunis
735 2053 859 2093 nubes
900 2059 938 2091 et
971 2051 1111 2091 Nauia·
1139 2050 1310 2104 Ioseplei
1342 2050 1607 2104 antiquitates
1642 2048 1843 2098 Iudaicas,
1876 2046 2001 2090 editis

341 2124 509 2178 Lipsiae
536 2125 654 2164 1795.
703 2120 908 2175 imprimis
930 2133 1028 2162 uero
1056 2120 1324 2170 insequentes
1356 2117 1575 2159 editiones.
1609 2129 1717 2170 quae
1749 2114 1918 2168 quidem
1951 2128 2001 2158 eo

340 2191 512 2234 consilio
552 2191 690 2232 factae
730 2192 846 2240 sunt,
886 2192 931 2230 ut
969 2186 1135 2229 modica
1166 2185 1346 2240 pecunia
1377 2184 1582 2238 Iosephus
1622 2183 1703 2225 emi
1743 2187 1908 2237 posset,
1949 2195 2002 2225 ex

341 2259 631 2312 Hauerkampi
662 2270 788 2312 opere
820 2262 917 2298 sunt
956 2255 1188 2297 deriuatae:
1230 2252 1408 2307 primum
1442 2265 1493 2294 ca
1523 2264 1648 2304 quam
1681 2250 1842 2293 curauit
1871 2250 2002 2292 Fran-

342 2328 475 2369 ciscus
507 2326 719 2369 Oberthiir
750 2324 881 2367 tribus
912 2322 1192 2366 uoluminibus
1224 2320 1380 2363 editam
1413 2320 1583 2374 Lipsiae
1614 2319 1734 2361 annis
1770 2319 2004 2371 1782-85,

343 2394 494 2437 deinde
516 2407 591 2436 sex
614 2394 826 2436 uolumina
847 2390 985 2433 Caroli
1008 2389 1173 2432 Ernesti
1195 2387 1365 2430 Richter
1397 2401 1553 2430 excusa
1576 2387 1744 2441 Lipsiae
1774 2387 2004 2439 ism—27,

343 2464 383 2504 in
407 2463 557 2515 quibus
579 2463 664 2504 fere
687 2461 788 2502 nihil
812 2463 1009 2502 nouatum
1031 2462 1103 2499 aut
1125 2456 1390 2498 emendatum
1412 2456 1613 2507 inuenies,
1636 2455 1713 2496 nisi
1737 2454 1842 2496 forte
1865 2466 2004 2496 emen-

344 2531 487 2572 datum
527 2543 620 2572 esse
660 2529 774 2571 dices
813 2526 925 2581 quod
956 2526 1175 2568 Richterus
1217 2537 1296 2565 non
1334 2518 1530 2571 κάκεῖνος
1562 2526 1603 2563 ct
1634 2522 1790 2564 similia
1826 2521 1901 2563 sed
1933 2520 2003 2562 καὶ

346 2597 503 2647 ἐκεῖνος
544 2597 611 2640 edi
649 2596 810 2639 maluit.
870 2595 1000 2637 multo
1031 2592 1177 2635 melior
1204 2597 1267 2634 cst
1298 2600 1354 2637 [ca
1389 2591 1517 2633 editio
1549 2603 1657 2643 quac
1688 2588 1863 2630 Parisiis
1894 2587 2006 2643 apud

347 2666 562 2708 Didotiunl
585 2679 694 2707 anno
724 2668 826 2707 1545
849 2662 1005 2718 prodiit
1023 2665 1193 2703 curante
1215 2658 1430 2700 Ludouico
1455 2657 1684 2709 Dindorflo,
1708 2656 1779 2710 qui
1801 2661 2008 2711 apparatu

348 2734 719 2788 Hauerkampiano
750 2745 848 2775 usus
871 2731 1003 2772 multa
1025 2726 1278 2779 emendauit‚
1311 2739 1386 2767 ncc
1409 2738 1541 2779 pauca
1566 2725 1668 2766 uitia
1692 2738 1743 2766 ex
1767 2724 2008 2766 coniectura

467 2907 495 2938 1)
523 2903 692 2947 Ἰνῖτεβιόυ
716 2897 893 2945 Ἰωσήπου
918 2895 962 2933 τὰ
989 2893 1248 2942 dommulum-cc.
1287 2891 1405 2926 Flauii
1435 2890 1579 2937 Ioscpln'
1603 2901 1714 2935 opera
1740 2902 1834 2935 quac
1858 2890 2014 2936 reperiri

348 2964 542 3006 potua-runt
568 2959 697 2990 amnia,

466 3021 496 3051 ’.η
522 3015 555 3047 in
583 3014 686 3048 titulo
714 3013 884 3048 Coloniae
909 3011 1008 3046 edita
1032 3020 1109 3044 csse
1135 3007 1276 3042 dicitur.
