2060 3475
786 249 978 285 Praefatio.
1613 250 1714 284 XVII

55 381 146 411 cum
179 366 276 408 uita.
336 366 405 420 qui
435 378 461 407 a
493 378 573 419 quo
606 368 646 406 ct
677 376 758 416 quo
789 367 975 418 tempore
1007 363 1184 418 scriptus
1216 363 1281 415 sit,
1314 362 1437 405 docet
1467 364 1508 405 in
1540 363 1620 406 fine
1653 371 1711 406 to-

55 434 135 477 tius
157 433 252 476 libri
275 433 526 488 subscriptio
549 431 671 473 hacc:
697 429 933 486 insanam„
961 428 978 486 ζ
1007 432 1210 484 napos-oce
1231 431 1389 483 βίβλοσ
1409 433 1490 485 τῆσ
1513 431 1713 488 ιίυσιζπου

54 497 367 555 ἀρχαιολογίασ
398 496 507 555 παρ’
535 497 638 552 ἐμοῦ
669 502 879 553 γεωργίην
908 499 1062 552 ἱερείυσ
1087 499 1158 539 τοῖ’
1183 496 1586 552 τζαγγαρομῐούλου·
1619 494 1713 551 ὁρι-

53 602 149 656 σμιῦ
171 603 240 644 καὶ
266 599 502 653 προστάξει
526 601 603 641 τοῦ
625 602 772 654 κυρίου
794 617 877 653 μοι·
900 601 969 641 καὶ
995 594 1210 640 αὗθὲντω·
1233 578 1269 648 ;’
1300 600 1358 650 (h.
1377 613 1412 641 e.
1435 601 1625 653 κι·ρίυι·)·
1657 599 1711 653 β’.

51 668 361 725 καρόηνάλεωσ
384 667 463 721 μὲν
484 669 564 723 τῇσ
592 664 842 723 ἆγιιιηίὶησ
862 669 937 709 τοῦ
958 668 1136 720 χριστοῦ
1159 667 1229 708 καὶ
1253 668 1362 707 θεοῦ
1395 663 1514 722 ἦμῶν
1546 668 1714 722 (logical-

51 739 132 793 κῆσ
163 735 414 794 ἐκκλησίασ·
456 735 728 789 πατριάρχου
762 735 804 777 d&
837 737 920 790 τῆσ
952 731 1084 788 ἁγίασ
1113 732 1341 786 καθέδρασ
1371 749 1714 777 zon'ozarmroc·

52 803 232 846 πόλεωσ
253 807 401 858 κυρίου
426 799 634 858 ἡμετέρου
657 802 932 844 ἑνικωίάτου.
970 800 1013 842 ἐν
1031 799 1117 842 ἔτει
1143 803 1276 856 Ιςξὸι,
1296 813 1304 820 ·
1329 800 1644 857 ἰνόικτιώνοσῐ)
1661 803 1712 858 γ’·

50 870 206 926 μικρὸν
238 871 283 913 δὲ
314 870 415 913 {too
449 870 589 925 ,ctvss‘t‘k
614 866 839 925 αι’·γοίστω
872 871 933 920 ἷξε
967 866 1133 924 ἐγράφη
1167 866 1209 910 ἕν
1242 867 1378 924 ῥώμῃ.
1429 870 1606 924 scriptus
1638 871 1712 925 igi-

54 944 120 982 tur
150 942 213 981 est
244 938 351 981 liber
382 954 407 981 a
438 939 619 992 Georgio
649 936 869 981 sacerdote
900 937 1015 978 iussu
1046 936 1321 978 Bessarionis.

0 988 6 1065 P
169 1009 230 1048 10.
263 1005 397 1049 codex
439 1005 745 1048 Laurentianus
790 1004 892 1058 plut.
925 1006 977 1045 69
1017 1003 1107 1045 cod.
1148 1007 1193 1044 10
1241 1004 1485 1046 chartaceus
1530 1005 1713 1049 continet

52 1073 352 1127 antiquitatum
384 1072 649 1115 Iudaicarum
691 1072 822 1113 libros
852 1071 936 1112 XX
967 1085 1060 1113 cum
1101 1071 1207 1123 uita;
1248 1072 1436 1123 sequitur
1467 1072 1572 1114 liber
1602 1074 1711 1115 Mac-

51 1141 303 1184 cahaeorum
351 1140 420 1193 qui
460 1140 612 1182 dicitur
652 1144 822 1193 quartus
863 1139 953 1181 sine
992 1138 1282 1193 inscriptione,
1329 1143 1512 1181 ceterum
1553 1140 1714 1193 integer

51 1208 218 1262 (incipit
248 1206 619 1263 φιλοσοφώτατον
650 1205 777 1260 λόγον
809 1204 1147 1247 ἐπιδείκνυσθαι
1176 1206 1358 1259 μέλλων,
1390 1206 1480 1248 finit
1511 1206 1578 1248 εἰσ
1608 1206 1715 1250 zoi-o

53 1274 222 1317 αἰιῦνασ
243 1276 330 1317 τῶν
353 1273 558 1328 αἰώνων).
599 1274 734 1317 codex
762 1279 958 1326 quattuor
979 1277 1042 1315 est
1062 1274 1262 1327 partium:
1284 1274 1444 1328 primae
1466 1281 1561 1316 sunt
1581 1276 1714 1330 partis

51 1343 152 1385 folia
187 1344 347 1384 1—226
385 1341 837 1394 (Antiq.1ud.1—X11
868 1344 903 1383 2.
928 1342 950 1381 8
987 1341 1075 1382 init.
1109 1338 1166 1382 δι’
1193 1339 1368 1383 ἐνιόίασ
1408 1337 1429 1382 0‘
1467 1341 1712 1398 βασιλεὲσ),

49 1409 224 1452 alterius
255 1415 351 1451 sunt
380 1410 450 1451 fol.
475 1411 696 1450 227—233
722 1408 836 1461 (Ant.
859 1408 948 1450 Iud.
970 1409 1052 1450 XII
1074 1411 1111 1450 ’2.
1136 1410 1158 1450 S
1181 1432 1235 1437 —
1257 1402 1382 1457 ὅπως
1404 1404 1522 1464 αὐτῷ
1544 1413 1711 1467 παρέχῃ

50 1474 164 1531 πρὸς
194 1477 276 1518 XII
299 1480 335 1519 4.
360 1481 381 1518 7
415 1476 568 1530 med),
602 1476 751 1518 tertiae
782 1476 853 1518 fol.
887 1478 1145 1530 234-434r,
1176 1476 1218 1518 in
1249 1476 1400 1528 quibus
1438 1481 1533 1519 sunt
1563 1479 1714 1533 reliqui

49 1543 146 1586 libri
184 1545 479 1597 antiquitatum
518 1543 634 1596 (inde
672 1557 699 1585 a
735 1544 820 1585 XII
851 1546 888 1585 4.
913 1547 934 1585 7
976 1537 1089 1597 ὠνὴν
1129 1537 1188 1584 ὦν
1229 1539 1282 1584 ἄν
1323 1538 1442 1598 εἴρῃ)
1482 1558 1576 1587 cum
1613 1547 1712 1588 uita.

52 1615 227 1664 quartae
266 1612 397 1666 partis
438 1615 502 1654 est
539 1611 647 1653 liber
685 1610 737 1654 de
767 1611 1045 1653 Maccabaeis.
1106 1611 1251 1652 harum
1292 1610 1478 1652 secunda
1518 1613 1642 1654 tertia
1673 1617 1715 1655 et

53 1684 202 1731 quarta
232 1692 330 1733 pars
360 1679 402 1720 in
433 1679 579 1720 charta
605 1679 793 1720 eiusdem
815 1678 980 1732 generis
1002 1677 1179 1720 diuersis
1201 1678 1396 1720 manibus
1418 1679 1597 1732 scriptae
1618 1684 1714 1723 sunt

51 1746 222 1788 saeculo
253 1747 340 1788 fere
366 1746 457 1788 XV.
508 1758 605 1799 pars
635 1745 782 1800 prima,
815 1758 925 1798 quae
956 1745 1142 1787 continet
1171 1744 1364 1787 undecim
1397 1745 1524 1788 libros
1555 1748 1715 1802 priores

51 1825 145 1854 cum
177 1817 296 1867 parte
327 1812 576 1865 duodecimi,
612 1813 743 1855 multo
774 1816 869 1867 post
898 1812 942 1853 in
972 1812 1058 1854 alia
1089 1811 1236 1854 charta
1265 1812 1421 1866 scripta
1452 1818 1515 1855 est
1544 1815 1714 1857 saeculo

51 1881 138 1922 fere
158 1880 270 1922 XVI.
320 1879 432 1922 unde
452 1884 631 1934 apparet
657 1881 757 1923 olim
788 1880 831 1922 in
862 1879 1007 1923 codice
1033 1880 1167 1922 solam
1198 1880 1387 1922 extitisse
1416 1881 1713 1933 antiquitatum

49 1952 213 2002 partem
234 1946 506 2001 posteriorem
528 1960 622 1989 cum
652 1947 740 1989 uita
770 1946 935 1990 adiecto
966 1951 1188 2001 praeterea
1218 1948 1325 1989 libro
1358 1947 1412 1990 de
1433 1948 1714 2004 Maccabaeis,

48 2014 126 2056 sed
156 2019 303 2068 postea
332 2013 452 2057 initio
481 2013 615 2057 reciso
646 2015 707 2057 ita
735 2015 974 2069 suppletam
1015 2027 1128 2069 esse,
1170 2017 1215 2056 ut
1250 2015 1392 2057 omnia
1422 2015 1520 2058 inde
1550 2030 1576 2058 a
1606 2017 1713 2060 libro

49 2081 181 2136 primo
223 2085 509 2136 repeterentur
549 2086 591 2124 et
628 2085 761 2125 totum
801 2095 950 2137 corpus
990 2082 1290 2135 antiquitatum
1327 2083 1369 2125 in
1409 2095 1458 2125 eo
1499 2097 1713 2138 compren-

50 2148 230 2192 deretur.
281 2153 323 2191 et
352 2148 406 2191 de
437 2152 556 2203 parte
589 2152 631 2190 et
653 2150 886 2204 posteriore
917 2153 959 2191 et
990 2150 1226 2202 antiquiore
1256 2154 1354 2192 tunc
1376 2150 1599 2193 dicendum
1622 2153 1711 2206 erit,

51 2229 144 2259 cum
174 2216 292 2258 libris
322 2216 525 2258 XI—XX
554 2216 857 2271 praefabimur3
891 2216 946 2259 ad
976 2217 1103 2259 hosce
1133 2218 1303 2273 Iosephi
1333 2218 1463 2260 libros
1493 2219 1585 2261 sola
1614 2232 1712 2273 pars

50 2284 255 2326 recentior
285 2288 461 2338 spectat.

167 2354 231 2392 11.
268 2350 403 2393 codex
432 2351 647 2394 Parisinus
677 2364 853 2404 graecus
882 2366 950 2394 no.
978 2354 1083 2394 1602
1113 2352 1306 2395 foliorum
1338 2354 1419 2394 384
1453 2352 1711 2406 chartaceus,

50 2418 163 2460 male
195 2421 392 2460 exaratus
431 2432 556 2460 manu
586 2418 745 2461 saeculi
778 2419 858 2461 XV
887 2424 959 2461 aut
987 2420 1099 2462 XVI.
1160 2420 1238 2462 fuit
1278 2420 1379 2463 olim
1416 2419 1712 2472 antiquitatum

53 2485 254 2527 librorum
289 2486 431 2539 I—X,
473 2499 582 2528 nunc
611 2486 793 2540 primum
827 2486 998 2541 folium,
1028 2487 1072 2529 in
1110 2499 1191 2540 quo
1218 2492 1468 2541 argumenta
1496 2491 1538 2528 et
1567 2487 1713 2529 titulus

52 2552 230 2607 inerant,
260 2554 371 2595 male
392 2553 583 2595 habitum
605 2558 669 2596 est
699 2558 741 2596 et
769 2553 814 2596 in
842 2553 925 2596 fine
949 2553 1100 2596 desunt
1130 2554 1234 2596 folia
1265 2554 1494 2609 complura,
1525 2559 1570 2596 ut
1600 2568 1712 2597 nunc

53 2633 152 2674 pars
183 2620 284 2662 libri
312 2620 412 2663 noni
442 2625 484 2663 et
513 2620 701 2663 decimus
731 2625 842 2664 totus
871 2621 1087 2665 interierit.

169 2689 230 2729 12.
273 2688 406 2730 codex
443 2688 748 2730 Escorialensis
784 2702 850 2731 no.
875 2692 956 2730 304
1002 2690 1045 2731 in
1090 2689 1191 2732 folio
1230 2689 1498 2743 chartaceuS,
1537 2689 1591 2732 de
1630 2703 1711 2743 quo

52 2754 212 2796 rettulit
240 2754 288 2797 E.
309 2755 447 2797 Miller
462 2758 505 2808 2),
545 2756 731 2798 continet
759 2756 1056 2809 antiquitatum
1087 2755 1352 2799 Iudaicarum
1387 2756 1516 2799 libros
1545 2757 1711 2798 I—XX

166 2899 198 2940 1)
222 2898 328 2933 solito
355 2899 564 2942 compendio
590 2899 775 2944 scriptum.

166 2955 198 2996 2)
216 2953 259 2988 E.
276 2953 406 2998 Miller,
425 2955 614 2999 catalogue
631 2955 693 2990 des
710 2955 927 2991 manuscrits
944 2966 1045 2999 grecs
1063 2956 1108 2990 de
1126 2955 1162 2990 la
1179 2955 1425 3000 bibliotheque
1443 2955 1486 2991 de
1502 2955 1710 2992 l'Escurial.

50 3007 154 3042 Paris
181 3010 265 3043 1848
290 3021 326 3054 p.
345 3012 410 3044 266
420 3021 471 3054 sq.

117 3075 254 3108 Iosephus
274 3076 297 3103 1.
1407 3068 1438 3102 Β
