2170 3475
338 244 408 279 XX
1069 237 1264 274 Praefatio.

342 353 473 400 αὐτὸν
503 353 708 410 ὁμολογεῖ
734 353 812 394 τοῦ
849 353 962 394 θεοῦ
998 353 1072 394 καὶ
1101 350 1212 393 θεὸν
1242 353 1446 406 κρίνοντα
1477 348 1679 393 ὄικαίουσ
1706 351 1781 394 καὶ
1812 346 1997 396 ἇὸίκουσ

342 422 408 466 (ὅσ
437 425 512 466 τοῦ
550 418 725 474 πατρὸσ
763 413 882 460 αὗτιῦ
920 419 1071 460 πᾶσαν
1111 413 1357 460 δεδωκότοσ
1386 415 1464 473 τὴν
1503 420 1661 471 κρίσιν.
1720 417 1770 462 τὸ
1812 419 1860 462 δὲ
1888 422 1996 477 περὶ

340 489 495 533 τούτου
525 490 607 543 τῆσ
635 487 811 543 γραφῆσ
836 489 998 541 χωρίον
1030 482 1194 541 ἐγράφη
1225 483 1337 539 μετὰ
1367 482 1416 526 τὸ
1449 485 1581 526 τέλοσ
1599 486 1679 527 τοῦ
1702 484 1901 530 εἰκοστοῦ
1922 487 1998 531 λό-

340 574 415 613 γοι·
446 558 527 611 τῆσ
557 551 882 610 ἆρχαιολογίασ.
942 552 1052 596 hunc
1083 552 1271 596 codicem
1309 566 1394 595 non
1424 556 1556 596 totum
1586 554 1744 596 contuli
1773 553 1851 597 sed
1879 555 1996 599 locos

341 625 534 677 selectos3
581 626 804 678 praeterea
838 634 946 674 quae
989 620 1033 663 in
1071 619 1192 662 initio
1231 619 1527 663 Busbeckiano
1572 619 1726 664 desunt
1768 622 1998 666 maximam

341 695 504 746 partem
542 702 596 731 ex
635 689 715 732 hoc
751 688 962 744 suppleuit
1001 687 1166 741 collega
1204 687 1471 731 doctissimus
1501 688 1752 732 Theodorus
1782 689 1873 732 Birt
1902 704 1998 735 meo

342 763 510 811 rogatu3
541 757 741 800 librorum
767 755 977 797 XI—XX
1006 759 1149 809 partes
1181 755 1385 809 quasdem
1415 755 1583 798 addidit
1601 756 1823 813 Philippus
1843 758 1999 814 Braun,

343 826 441 869 olim
470 825 783 880 Marburgensis
812 837 922 866 nunc
950 822 1224 876 Weilburgae
1255 822 1518 866 constitutuS.

455 908 487 936 e.
518 892 653 935 codex
692 891 906 934 Parisinus
945 894 1048 932 1601
1091 891 1438 934 membranaceus
1477 891 1662 934 continet
1700 892 1999 947 antiquitatum

343 960 607 1003 Iudaicarum
646 960 874 1014 epitomam
913 962 1056 1002 totam.
1125 958 1304 1014 scriptus
1345 963 1410 1002 est
1448 972 1559 1002 anno
1597 959 1746 1003 salutis
1786 961 1916 1015 1323,
1953 965 2002 1004 ut

342 1032 517 1083 apparet
549 1041 601 1070 ex
630 1026 937 1082 subscriptione
967 1027 1067 1070 hac:

683 1115 789 1166 δόξα
819 1131 892 1159 σοι
918 1116 1069 1171 χριστὲ
1099 1113 1121 1158 ὃ
1154 1114 1270 1158 θεὸσ
1302 1112 1422 1172 ἤμῶν
1454 1114 1561 1166 δόξα
1592 1130 1665 1159 σοι

680 1187 926 1240 πρεσβείασ
954 1185 1038 1226 τῗσ
1066 1182 1282 1226 θεοτόκου
1314 1181 1491 1240 ἐλέησον
1521 1181 1654 1240 ἥμᾶσ.

344 1284 508 1342 ἐγράφη
527 1283 576 1327 τὸ
599 1284 745 1341 παρὸν
762 1285 921 1336 πυξίον
946 1284 1021 1328 διὰ
1039 1283 1192 1341 χειρὸσ
1213 1254 1381 1341 (ἆμαρέ
1411 1286 1466 1330 ὂσ
1487 1302 1533 1329 σ·
1557 1311 1566 1317 -
1585 1263 1711 1341 aiga]
1729 1282 1942 1340 τοῦνομα)
1953 1284 2005 1340 ¹):

344 1351 387 1394 ἐν
418 1351 503 1394 ἔτει
538 1352 699 1408 Ιςῶλαᾌ
758 1352 869 1395 κατὰ
899 1355 1015 1409 μῆνα
1044 1353 1178 1408 μαῖον
1207 1361 1271 1405 -Ι-.
1329 1355 1497 1410 inspexi
1527 1354 1605 1398 Sed
1633 1353 1739 1397 nihil
1771 1353 1939 1396 contuli.

456 1419 492 1462 d.
525 1420 660 1463 codex
687 1421 903 1464 Parisinus
933 1433 993 1474 gr.
1023 1425 1139 1476 1418,
1171 1423 1271 1466 olim
1294 1425 1418 1477 2254,
1450 1424 1704 1465 antea1407
1738 1421 2002 1464 membrana-

344 1500 441 1530 ceus
479 1489 638 1530 saeculi
674 1488 755 1530 XV
791 1490 926 1531 forma
961 1491 1010 1532 4⁰
1050 1490 1235 1534 continet
1273 1491 1500 1545 epitomam
1538 1490 1666 1533 totius
1704 1489 2003 1542 antiquitatum

345 1555 496 1610 operis.
546 1556 587 1597 in
618 1555 763 1610 primis
793 1557 905 1599 foliis
926 1556 1102 1612 (1—10)
1132 1558 1283 1613 uiginti
1312 1558 1515 1601 librorum
1542 1557 1727 1601 omnium
1757 1560 2006 1611 argumenta

344 1622 386 1664 in
417 1635 541 1664 unum
571 1623 710 1665 locum
741 1624 918 1667 collecta
947 1630 1056 1679 sunt,
1088 1639 1197 1678 quae
1227 1625 1269 1666 in
1300 1625 1517 1668 codicibus
1538 1624 1712 1679 integris
1734 1624 1901 1678 singula
1920 1623 2002 1666 sin-

344 1689 445 1743 gula
473 1690 649 1741 singulis
679 1691 797 1733 libris
817 1692 1030 1745 praemitti
1059 1693 1206 1735 solent.
1257 1693 1460 1736 lectiones
1492 1707 1546 1736 ex
1566 1692 1647 1735 hoc
1677 1694 1903 1746 excerptae
1933 1704 2006 1734 ex-

345 1762 435 1798 tant
466 1757 507 1798 in
537 1758 772 1812 appendice
802 1759 972 1814 Iosephi
1002 1760 1366 1815 Hauerkampiani
1396 1761 1479 1803 uol.
1501 1761 1542 1802 Π
1562 1773 1601 1814 p.
1624 1762 1780 1812 424sq.
1822 1759 1913 1814 ipse
1942 1758 2003 1801 in-

345 1824 478 1878 spexi,
510 1830 555 1867 ut
585 1825 702 1867 cuius
731 1827 899 1881 generis
930 1832 1043 1870 esset
1072 1827 1377 1881 intellegerem,
1409 1832 1592 1870 ceterum
1623 1827 1728 1869 nihil
1758 1826 1928 1869 contuli.

458 1907 492 1934 e.
539 1892 672 1936 codex
694 1893 910 1937 Parisinus
951 1898 1055 1936 1424
1088 1895 1335 1938 chartaceus
1368 1895 1528 1937 saeculi
1561 1894 1643 1936 XV
1673 1893 1786 1936 idem
1816 1894 2002 1937 continet

347 1960 460 2014 quod
498 1963 613 2002 1418.
664 1961 938 2005 subscribitur
968 1962 1011 2004 in
1041 1962 1144 2005 fine:
1176 1963 1307 2004 τέλοσ
1336 1964 1419 2018 τῆσ
1451 1963 1640 2018 (piat-'son
1673 1959 1875 2016 ἰωσήπου
1908 1960 2001 2003 ἰου-

347 2028 503 2083 δαῑκῆσ
534 2023 847 2083 ἆρχαιολογίασ
877 2028 921 2072 ἐν
953 2029 1093 2072 εἴκοσι
1130 2029 1282 2085 λόγοισ
1313 2030 1697 2086 συντελεσθείσησ.

400 2113 453 2157 -Ι-
483 2102 505 2148 ὁ
531 2105 690 2148 ὁοῖλοσ
709 2109 787 2149 τοῦ
808 2110 1018 2163 κραταιοῦ
1043 2109 1115 2151 καὶ
1139 2105 1263 2163 ἆγίοι·
1287 2105 1408 2164 ἡμῶν
1431 2103 1647 2150 αι’·θέντοιτ
1679 2108 1748 2149 καὶ
1780 2108 2005 2162 βασιλέωσ

1289 2215 1402 2252 μαιό
1410 2196 1453 2254 w]
1463 2199 1486 2239 λ
1516 2195 1538 2240 ὁ
1571 2175 1747 2253 καλλιέέ

400 2281 453 2325 —l-
483 2272 504 2318 ὁ
530 2275 690 2318 ὁοῦλοσ
709 2279 785 2319 τοῦ
806 2279 1014 2332 κραταιοῦ
1035 2278 1106 2319 καὶ
1131 2274 1255 2332 ἁγίου
1278 2274 1401 2333 ἡμῶν
1434 2272 1648 2318 αι’·ιίὴὲντοιῚ
1679 2278 1749 2319 καὶ
1781 2278 2006 2331 βασιλέωσ

1289 2343 1485 2399 μανοιίξλ
1515 2342 1537 2385 ὁ
1568 2344 1830 2403 καλλιέργησ

400 2416 453 2461 -†-
482 2409 567 2453 τὰσ
584 2406 633 2453 οὗ
649 2410 918 2466 πρεπόντωσ
939 2410 1195 2467 ἓξορίστουσ
1217 2412 1393 2455 εἰκόιάσ
1412 2415 1550 2466 χαίρω
1572 2411 1841 2466 ιτρεῑτόντωσ
1862 2428 2005 2470 προσ-

1287 2482 1556 2532 κιηόιμέιάσ
1583 2480 1781 2532 βλὲ,’τ(οι’;

403 2545 498 2588 ἰδοῦ
528 2544 577 2587 τὸ
611 2544 756 2601 παρὸν
785 2547 959 2600 βιβλίον
988 2548 1117 2589 τέλοσ

404 2610 453 2656 οὐ
486 2613 552 2656 δεῖ
581 2611 662 2669 γὰρ
694 2608 742 2656 οὗ
775 2613 841 2656 δεῖ
879 2612 955 2669 τὴν
987 2613 1092 2670 ἐμὴν
1121 2610 1318 2670 γλῶτταν
1349 2614 1486 2671 μόνην
1527 2611 1753 2669 ἅιάρθρον
1785 2612 1897 2658 εἶναι
1928 2616 2000 2659 καὶ

1285 2684 1398 2736 βοῆσ
1430 2678 1664 2736 ἀλλοτρίαν

401 2745 449 2791 οὗ
481 2749 546 2791 δεῖ
575 2747 657 2804 γὰρ
689 2744 738 2791 οὗ·
770 2748 834 2791 dei
866 2747 942 2805 τὴν
973 2747 1078 2805 ἐμὴν
1107 2749 1304 2804 γλῶτται·
1345 2749 1482 2806 μόνην
1525 2746 1751 2804 ἱὶιάρᾶρον
1783 2747 1893 2792 εἶναι
1927 2753 1998 2793 καὶ

1288 2819 1401 2873 βοῇσ
1432 2815 1666 2872 ἀλλοιρίαν

463 2997 492 3035 l)
516 2995 669 3030 circellis
695 3003 703 3037 (
733 3001 743 3037 )
767 2994 906 3030 inclusa
931 3006 1036 3030 crasa
1061 2999 1156 3031 sunt.
