2060 3475
805 233 999 269 Praefatio.
1616 233 1733 268 XXXI

79 349 365 406 χοδονόσορος
396 349 522 393 etiam
556 348 597 390 in
626 347 795 402 Iosephi
827 347 1041 390 codicibus
1073 347 1265 389 omnibus
1297 350 1337 389 et
1368 346 1410 388 in
1442 346 1634 389 uersione
1656 347 1730 389 La-

83 420 169 463 tina
200 417 418 461 inuenitur.
450 421 494 458 at
526 416 632 458 hunc
663 416 798 458 locum
833 430 884 458 cx
907 415 1085 470 Iosepho
1107 415 1284 468 sumpsit
1307 414 1513 457 Eusebius
1533 413 1733 466 (chron.1

80 500 119 541 p.
152 489 203 527 45
226 484 309 538 sq.)
341 490 382 527 et
413 497 464 526 ex
496 482 679 525 Eusebio
711 484 933 537 Syncellus
965 484 1021 537 (p.
1052 487 1132 523 —llti
1163 483 1311 532 Boun.)
1345 482 1415 534 qui
1447 496 1527 524 non
1558 486 1733 535 Ναβου-

76 552 368 606 χοδονόσορον
399 550 475 593 sed
498 550 895 605 Ναβοκοόρόοορον
923 551 1032 603 regis
1054 563 1203 592 nomen
1233 563 1284 592 ex
1305 550 1486 604 Iosepho
1508 550 1734 603 proferunt,

80 620 193 675 quod
216 619 386 675 quidem
408 617 522 673 apud
545 617 730 660 Graecos
753 618 794 659 in
819 632 893 660 usu
918 619 1044 661 fuisse
1065 631 1118 660 ex
1134 617 1408 671 Megasthene
1431 617 1734 671 etAbydeno¹)

79 688 246 730 scimus,
297 687 410 729 idem
441 685 667 740 Iosephum
702 685 883 738 dedisse,
906 687 975 739 qui
1007 690 1101 740 post
1123 685 1324 727 Berosum
1348 688 1370 732 ξ
1393 687 1473 725 227
1496 685 1736 739 Megasthe-

78 768 176 798 nem
207 754 366 807 laudat,
400 768 473 809 pro
496 759 608 797 certo
639 753 785 796 haberi
817 757 955 807 potest
974 756 1013 805 ¹),
1044 752 1155 795 unde
1185 756 1363 806 apparet
1394 766 1538 794 omnes
1570 752 1735 794 codices

79 822 159 865 hoe
186 822 277 865 loco
310 835 361 864 ex
395 822 596 865 librorum
627 835 838 864 sacrorum
869 821 1117 863 auctoritate
1139 823 1320 861 mutatos
1353 831 1458 861 esse.
1475 822 1504 865 2)
1548 818 1592 860 id
1624 819 1735 871 quod

79 903 129 932 eo
169 889 321 932 certius
363 895 448 944 est,
495 889 607 942 quod
649 890 689 931 in
730 889 1050 942 antiquitatibus
1089 887 1212 930 simul
1255 900 1347 929 cum
1388 887 1735 930 Nabocodrosoro

79 957 205 1000 etiam
233 963 396 1011 patrem
419 957 808 1011 Nabopolassarum
831 956 978 999 eodem
1009 955 1134 998 modo
1159 969 1309 997 nomen
1334 956 1510 998 uertisse
1530 954 1734 1008 uidemus,

79 1025 236 1079 quippe
268 1026 338 1078 qui
370 1029 393 1075 ξ
417 1028 496 1066 '220
529 1026 570 1067 in
601 1025 793 1067 omnibus
825 1023 1040 1067 codicibus
1069 1023 1232 1076 graecis
1269 1036 1362 1065 cum
1394 1023 1536 1065 latinis
1559 1026 1736 1076 Ναβου-

77 1091 367 1147 χοδονόσορος
407 1098 590 1135 uocetur.
651 1097 691 1134 et
730 1092 852 1133 huius
899 1104 1065 1145 quoque
1106 1104 1250 1133 uerum
1281 1104 1433 1134 nomen
1465 1091 1578 1145 apud
1609 1091 1735 1133 Euse-

79 1160 194 1203 bium
217 1165 292 1213 est,
323 1160 378 1202 ad
401 1174 524 1214 quem
547 1159 718 1214 propius
739 1159 903 1202 accedit
925 1158 1058 1201 codex
1079 1158 1175 1200 libri
1197 1159 1216 1200 I
1248 1162 1393 1201 contra
1414 1159 1634 1213 Apionem,
1666 1157 1737 1212 qui

82 1227 432 1282 Ναβολάσσαρος
464 1226 600 1270 tradit.
663 1226 774 1279 quod
804 1228 840 1268 si
871 1227 963 1279 quis
1000 1241 1051 1270 ex
1089 1227 1148 1269 eis
1185 1240 1293 1280 quae
1326 1226 1538 1280 disputaui
1571 1226 1738 1269 efficere

82 1296 272 1348 uoluerit,
304 1294 494 1337 codicum
515 1298 748 1337 nostrorum
780 1295 1038 1349 archetypon
1072 1293 1183 1346 quod
1215 1293 1367 1336 dicitur
1393 1300 1487 1348 post
1508 1294 1737 1336 Eusebium

81 1367 216 1406 ortum
247 1374 350 1415 esse,
382 1366 521 1416 potest
551 1361 721 1416 quidem
754 1368 864 1404 recte
897 1361 1118 1404 iudicasse.
1151 1361 1226 1404 sed
1249 1362 1446 1414 quoniam
1464 1361 1554 1404 fieri
1585 1365 1736 1415 potest,

81 1436 127 1473 ut
155 1431 239 1472 iam
261 1429 434 1472 Eusebii
466 1434 653 1483 tempore
676 1429 830 1471 fuerint
852 1428 1017 1471 codices
1048 1429 1304 1484 interpolati,
1335 1442 1413 1471 nec
1432 1433 1571 1472 tamen
1594 1441 1737 1471 omnes

80 1498 246 1552 suerint,
278 1497 431 1540 certius
452 1496 556 1538 nihil
579 1496 763 1549 affirmo3
796 1500 978 1539 ceterum
1001 1510 1150 1539 moneo
1172 1510 1254 1539 non
1286 1497 1421 1539 solum
1451 1496 1493 1539 in
1525 1495 1604 1538 hae
1631 1496 1736 1538 anti·

82 1565 289 1618 quitatum
328 1568 467 1619 parte,
516 1563 592 1606 sed
631 1564 756 1605 etiam
801 1564 841 1606 in
883 1565 1017 1606 altera
1053 1568 1093 1606 et
1126 1564 1168 1606 in
1208 1564 1321 1606 bello
1360 1564 1532 1607 Iudaico
1579 1564 1737 1607 similes

83 1632 254 1675 nomina
283 1644 412 1686 passa
443 1644 535 1674 esse
569 1635 840 1673 correcturas.

195 1698 391 1742 Omnium
432 1712 532 1741 uero
566 1697 754 1740 codicum
798 1702 838 1741 et
868 1698 1073 1741 uersionis
1104 1699 1262 1742 latinae
1301 1713 1427 1741 unum
1461 1698 1739 1753 archetypum

84 1767 212 1809 fuisse
243 1766 368 1808 etiam
401 1766 486 1807 alia
517 1765 619 1806 uitia
649 1766 842 1807 omnibus
874 1766 1112 1808 communia
1143 1765 1305 1809 docent.
1353 1767 1469 1809 uelut
1499 1780 1582 1809 non
1603 1767 1739 1808 solum

83 1847 236 1877 nomen
273 1832 611 1875 Nabocodrosori
655 1837 858 1875 mutatum
900 1837 984 1886 est,
1035 1832 1110 1876 sed
1155 1833 1282 1876 etiam
1322 1834 1434 1887 regis
1474 1832 1738 1885 Iudaeorum,

83 1902 153 1956 qui
173 1914 249 1956 per
277 1901 429 1942 librum
449 1899 491 1940 X
514 1899 556 1952 (ξ
579 1902 630 1942 98
652 1900 779 1953 sqq),
811 1901 845 1944 si
873 1901 1004 1943 bonos
1030 1901 1243 1955 sequimur
1272 1901 1451 1955 codices,
1482 1915 1648 1955 semper
1668 1914 1739 1943 uo-

85 1972 202 2012 catur
225 1963 495 2021 Ἰωάκειμοςς
526 1966 603 2010 sed
624 1981 706 2010 uno
729 1968 820 2011 loco
851 1971 874 2018 ξ
905 1971 986 2009 229
1013 1963 1215 2021 Ἰεχονίαν
1237 1973 1354 2011 extat
1367 1972 1399 2019 3)
1427 1973 1553 2011 antea
1582 1982 1635 2010 ne
1655 1982 1739 2010 me-

81 2039 286 2079 moratum
308 2035 491 2088 quidem,
524 2034 635 2088 quod
656 2041 835 2090 apparet
860 2049 913 2079 ex
940 2036 1059 2078 libris
1080 2036 1211 2078 saeris
1234 2036 1411 2079 inlatum
1434 2049 1538 2079 esse.
1588 2036 1741 2078 lacuna

80 2103 125 2146 in
156 2103 349 2146 omnibus
371 2102 585 2145 codicibus
608 2106 672 2145 est
693 2103 766 2145 lib.
788 2103 831 2144 X
861 2108 956 2158 post
976 2105 1001 2155 ἓ
1019 2106 1070 2145 20
1103 2101 1315 2160 Βηρωσὸς
1337 2103 1384 2145 δὲ
1405 2128 1458 2133 —-
1478 2102 1741 2159 μνημονεύει

81 2171 159 2212 τοῦ
187 2170 405 2224 βασιλέως
425 2194 478 2199 -
503 2171 637 2224 λέγων
660 2165 812 2221 οὕτως.
857 2185 955 2214 nam
977 2184 1086 2225 quae
1107 2177 1337 2224 sequuntur
1357 2185 1440 2214 non
1470 2177 1566 2214 sunt
1587 2185 1639 2212 ex
1661 2172 1737 2213 Be-

81 2250 190 2292 roso,
211 2237 288 2280 sed
305 2251 359 2279 ex
377 2237 628 2280 Iudaeorum
649 2238 834 2282 historiis
855 2239 986 2282 saeris
1007 2242 1195 2293 sumpta3
1219 2239 1364 2282 Berosi
1385 2239 1513 2292 igitur
1534 2239 1649 2281 loeus
1667 2251 1738 2280 ex-

83 2304 185 2348 cidit
199 2306 245 2359 4),
275 2308 320 2347 ut
340 2304 515 2348 Hudson
537 2310 650 2348 recte
681 2306 904 2349 intellexit.
937 2306 1052 2349 idem
1082 2307 1152 2349 lib.
1175 2306 1239 2349 IX
1261 2310 1359 2349 ante
1380 2307 1405 2358 ἓ
1427 2309 1475 2347 51
1500 2306 1542 2348 in
1564 2305 1740 2348 historia

198 2441 229 2478 1)
252 2437 385 2473 Mffller
408 2437 452 2472 fr.
477 2438 561 2473 hist.
585 2450 637 2483 gr.
662 2439 698 2473 II
723 2441 803 2482 4163
828 2439 878 2474 IV
904 2441 980 2474 283.

198 2495 230 2536 2)
256 2494 363 2529 etiam
388 2494 516 2529 ceteris
540 2494 650 2538 locis,
674 2495 891 2540 ubicumque
914 2495 1239 2532 Naboeodrosorus
1263 2498 1494 2539 memoratur,
1518 2495 1587 2530 hoc
1610 2504 1741 2529 nomen

82 2550 346 2585 restituendum
371 2559 449 2584 esse
472 2550 561 2584 mihi
583 2551 760 2594 persuasi.
808 2552 963 2596 primum
993 2552 1088 2587 enim
1117 2551 1180 2586 uix
1213 2551 1405 2596 quidquam
1436 2552 1586 2586 interest
1620 2553 1740 2585 utrum

84 2616 156 2641 uno
189 2606 269 2640 loco
300 2616 346 2640 an
379 2606 544 2649 pluribus
574 2608 643 2642 hoc
672 2618 803 2643 nomen
837 2609 1067 2643 immutatum
1106 2618 1184 2642 esse
1218 2610 1438 2650 statuamus,
1476 2617 1555 2641 cum
1586 2606 1740 2642 nominis

85 2659 484 2708 Ναβουχοδονόσορος
507 2662 596 2697 fides
621 2664 751 2699 ceteris
775 2664 864 2699 locis
889 2675 963 2699 non
987 2665 1034 2699 sit
1057 2664 1183 2707 maior,
1209 2674 1314 2708 quam
1338 2674 1380 2699 eo
1410 2664 1454 2698 de
1479 2673 1547 2706 quo
1573 2662 1739 2696 diximus.

85 2719 215 2753 deinde
230 2728 303 2753 non
327 2718 415 2753 dicit
431 2719 607 2764 Iosephus
632 2720 704 2754 alio
729 2731 833 2755 usum
857 2731 935 2756 esse
951 2721 1094 2755 nomine
1117 2730 1236 2764 regem
1259 2720 1359 2754 illum
1384 2719 1481 2763 apud
1500 2718 1674 2753 Berosum
1697 2728 1741 2752 ac

84 2775 183 2819 apud
200 2785 258 2818 se;
283 2785 399 2818 neque
416 2778 494 2811 erat
518 2786 583 2810 cur
607 2776 678 2811 alio
703 2779 867 2811 uteretur
891 2779 999 2821 atque
1022 2787 1076 2819 eo,
1101 2776 1195 2820 quod
1213 2779 1299 2810 tunc
1319 2776 1416 2820 apud
1435 2775 1593 2810 Graecos
1616 2774 1656 2808 in
1672 2784 1741 2808 usu

84 2833 164 2865 erat
194 2831 360 2874 quodque
391 2831 499 2866 etiam
528 2831 567 2865 in
590 2831 758 2867 Ebraicis
790 2832 922 2867 fitteris
952 2832 1036 2868 olim
1067 2832 1265 2867 obtinuisse
1292 2830 1480 2875 probabile
1512 2833 1582 2874 est3
1614 2840 1698 2865 nam
1719 2840 1742 2864 a

87 2886 236 2921 Graecis
259 2886 330 2930 legi
346 2887 462 2922 uoluit
485 2887 671 2932 Iosephus,
695 2899 763 2923 nec
786 2899 869 2924 raro
895 2889 967 2923 alia
990 2888 1136 2923 nomina
1160 2887 1306 2922 exhibet
1329 2897 1372 2923 ac
1397 2886 1496 2922 LXX
1520 2886 1601 2921 uiri.

198 2944 231 2985 3)
253 2942 407 2978 Latinus
430 2943 541 2979 habet
565 2943 773 2979 Ieoltom'am
798 2945 861 2989 qui
885 2949 920 2980 et
943 2943 1115 2979 Ioaclzim.

197 3000 232 3040 4)
255 2999 350 3033 idem
373 2999 507 3035 accidit
529 2999 683 3035 fortasse
707 3000 741 3034 X
764 3001 785 3044 ξ
811 3003 863 3035 34.
