2160 3439
211 449 293 488 254

211 921 292 961 255

211 1192 292 1232 256

211 1531 292 1572 257

211 1736 293 1778 258

212 2008 294 2050 259

326 197 408 235 342
783 192 945 237 ANTIQ.
969 192 1068 228 IUD.
1092 192 1126 229 V
1150 194 1328 229 253—259
1353 195 1415 238 (vn
1431 199 1529 238 5—8)

324 311 490 365 μελέχῳ
523 307 771 363 στράτευμα
800 304 1018 356 πεσόντος
1057 301 1190 348 αὐτοῦ
1230 306 1475 351 σκεδασθὲν
1517 303 1788 366 ἀνεχώρησεν
1829 307 1906 353 ἐπὶ
1935 309 1991 353 τὰ

325 377 479 420 οἰκεῖα.

438 447 476 487 6.
532 444 631 486 Τῶν
672 441 719 484 δὲ
744 436 1027 498 Ἰσραηλιτῶν
1061 439 1140 497 την
1170 437 1406 496 ἡγεμονίαν
1429 438 1570 501 Ἰάρης
1600 440 1623 487 ὅ
1658 443 1916 502 Γαλαδηνὸς
1945 443 1991 488 ἐκ

323 515 400 568 τῆς
422 509 764 560 Μανασσίτιδος
785 510 926 566 φυλῆς
955 507 1302 565 παραλαμβάνει
1332 504 1440 566 ἀνὴρ
1470 509 1524 552 τά
1554 527 1601 554 τε
1633 507 1746 554 ἄλλα
1768 507 1989 567 εὐδαίμων

322 581 395 623 καὶ
435 578 604 629 παῖδας
634 573 835 633 ἀγαθοὺς
868 578 1174 633 πεποιημένος
1204 571 1440 632 τριάκοντα
1468 577 1548 632 μὲν
1577 577 1654 622 τὸν
1685 575 1882 635 ἀριθμὸν
1914 580 1991 623 ἱπ-

323 646 476 691 πεύειν
517 646 564 689 δὲ
605 640 812 701 ἀρίστους
849 645 923 687 καὶ
963 645 1051 687 τῶν
1091 642 1203 686 κατὰ
1233 642 1312 700 τὴν
1342 644 1602 702 Γαλαδηνὴν
1639 647 1814 692 πόλεων
1856 643 1992 705 ἀρχὰς

325 714 732 770 ἐγκεχειρισμένους.
793 708 921 763 οὗτος
960 711 1036 755 δύο
1075 713 1149 754 καὶ
1189 711 1329 755 εἴκοσι
1369 710 1442 769 ἔτη
1473 711 1552 768 τὴν
1590 708 1724 770 ἀρχὴν
1761 714 1991 770 κατασχών

323 783 506 839 τελευτᾷ
547 779 730 838 γηραιὸς
781 781 854 823 καὶ
899 782 1044 837 ταφῆς
1090 778 1133 822 ἐν
1178 778 1380 834 Καμμὼν
1433 779 1566 824 πόλει
1617 783 1695 837 τῆς
1735 784 1992 842 Γαλαδηνῆς

325 846 543 901 ἀξιοῦται.

440 923 477 961 7.
509 916 669 960 Πάντα
701 915 748 958 δὲ
776 913 832 957 τὰ
862 917 951 958 τῶν
977 911 1188 971 Ἑβραίων
1219 913 1283 964 εἷς
1304 909 1521 970 ἀκοσμίαν
1541 917 1614 958 καὶ
1636 910 1761 973 ῧβριν
1781 919 1859 960 τοῦ
1879 921 1992 962 θεοῦ

321 988 396 1029 καὶ
415 988 503 1028 τῶν
529 984 675 1039 νόμων
705 980 968 1040 ὑπεφέρετο,
999 983 1073 1025 καὶ
1103 982 1518 1040 καταφρονήσαντες
1550 979 1694 1027 αὐτῶν
1724 979 1990 1039 Ἀμμανῖται

321 1055 394 1096 καὶ
416 1054 716 1096 Παλαιστῖνοι
747 1053 922 1107 στρατῷ
952 1049 1128 1107 μεγάλῳ
1160 1049 1404 1107 διήρπαζον
1434 1050 1513 1109 τὴν
1534 1051 1683 1109 χώραν
1704 1053 1778 1094 καὶ
1798 1050 1878 1108 τὴν
1898 1057 1993 1096 Πε-

323 1125 454 1177 ραίαν
493 1116 674 1163 ἅπασαν
714 1118 1004 1172 κατασχόντες
1042 1120 1115 1161 καὶ
1155 1117 1233 1161 ἐπὶ
1274 1118 1353 1175 τὴν
1381 1121 1469 1163 τῶν
1510 1121 1681 1163 λοιπῶν
1718 1116 1800 1177 ἤδη
1841 1122 1994 1176 κτῆσιν

325 1190 571 1245 διαβαίνειν
603 1187 814 1241 ἐτόλμων.
868 1183 1063 1242 Ἑβραῖοι
1103 1186 1150 1229 δὲ
1181 1190 1569 1244 σωφρονισθέντες
1605 1185 1694 1231 ὑπὸ
1725 1190 1814 1231 τῶν
1849 1190 1994 1232 κακῶν

325 1257 389 1308 εἷς
427 1257 614 1300 ἱκετείαν
655 1255 900 1311 ἐτράποντο
937 1256 1017 1297 τοῦ
1057 1256 1171 1297 θεοῦ
1214 1257 1287 1298 καὶ
1328 1258 1494 1306 θυσίας
1533 1254 1752 1313 ἐπέφερον
1788 1272 1994 1312 παρακα-

325 1326 500 1375 λοῦντες
532 1319 665 1367 αὐτὸν
695 1322 996 1380 μετριάσαντα
1026 1324 1100 1366 καὶ
1130 1321 1245 1379 πρὸς
1274 1321 1354 1379 τὴν
1385 1323 1534 1381 δέησιν
1567 1318 1710 1366 αὐτῶν
1731 1320 1994 1377 ὑπαχθέντα

324 1392 596 1436 παύσασθαι
624 1393 702 1448 τῆς
733 1386 883 1447 ὀργῆς·
917 1388 938 1434 ὁ
973 1390 1020 1433 δὲ
1049 1389 1162 1442 θεὸς
1181 1390 1540 1446 μεταβαλόμενος
1561 1390 1624 1442 εἰς
1645 1390 1694 1435 τὸ
1717 1388 1994 1449 ἡμερώτερον

325 1460 502 1516 ἔμελλεν
534 1455 684 1510 αὐτοῖς
712 1463 914 1516 βοηθεῖν.

439 1531 478 1572 8.
517 1524 799 1583 Ἀμμανιτῶν
831 1522 873 1569 δ’
900 1525 1250 1582 ἐστρατευκότων
1282 1526 1358 1570 ἐπὶ
1388 1526 1466 1583 τὴν
1499 1525 1758 1584 Γαλαδηνὴν
1787 1524 1994 1585 ὑπήντων

325 1597 368 1640 οἱ
408 1595 641 1651 ἐπιχώριοι
679 1594 794 1652 πρὸς
821 1593 872 1638 τὸ
913 1591 1017 1651 ὅρος
1055 1594 1257 1650 δεόμενοι
1292 1597 1371 1638 τοῦ
1411 1593 1802 1652 στρατηγήσοντος.
1862 1585 1915 1652 ἦν
1945 1595 1995 1639 δέ

324 1680 392 1714 τις
418 1659 609 1721 Ἰαφθᾶς
640 1659 748 1720 ἀνὴρ
781 1661 855 1706 διὰ
886 1661 964 1719 τὴν
994 1663 1210 1719 πατρῴαν
1242 1658 1399 1719 ἆρετὴν
1432 1661 1617 1712 δυνατὸς
1646 1664 1718 1706 καὶ
1742 1658 1801 1706 δι’
1828 1662 1994 1707 οἰκείαν

326 1727 460 1775 αὐτοῦ
492 1730 702 1786 στρατιὰν
736 1729 785 1787 ἣν
816 1730 997 1787 ἔτρεφεν
1037 1727 1170 1781 αὐτὸς
1204 1730 1518 1788 μισθοφόρων.
1577 1729 1692 1787 πρὸς
1721 1733 1877 1774 τοῦτον
1918 1721 1994 1774 οὖν

325 1803 587 1854 πέμψαντες
625 1794 774 1853 ἠξίουν
816 1794 948 1840 αὐτὸν
981 1808 1223 1853 συμμαχεῖν
1254 1797 1625 1855 ἐπαγγελλόμενοι
1654 1808 1900 1854 παρασχεῖν
1931 1798 1995 1850 εἷς

326 1863 492 1911 ἅπαντ’
521 1862 640 1922 αὐτῷ
670 1865 747 1909 τὸν
784 1865 941 1920 χρόνον
971 1865 1050 1922 τὴν
1090 1865 1208 1909 ἰδίαν
1243 1864 1489 1923 ἧγεμονίαν.
1550 1864 1573 1910 ὁ
1608 1862 1649 1909 δ’
1678 1862 1726 1910 οὗ
1757 1871 1994 1922 προσίεται

325 1935 403 1993 την
435 1934 713 1991 παράκλησιν
745 1929 888 1976 αὐτῶν
920 1932 1122 1989 ἐγκαλῶν,
1155 1928 1225 1976 ὅτι
1254 1932 1311 1989 μὴ
1343 1933 1620 1990 βοηθήσειαν
1652 1931 1771 1990 αὐτῷ
1792 1932 1879 1977 ὑπὸ
1903 1937 1992 1978 τῶν

326 2000 532 2061 ἀδελφῶν
565 1998 836 2057 ἀδικουμένῳ
868 2003 1149 2058 περιφανῶς·
1191 1996 1240 2043 οὗ
1278 1999 1360 2057 γὰρ
1401 1998 1508 2043 ὄντα
1539 1998 1810 2058 ὁμομήτριον
1842 1997 1992 2052 αὐτοῖς

437 2117 458 2161 ξ
483 2118 546 2151 253
574 2132 618 2143 =
642 2115 757 2150 Iudic.
781 2113 834 2149 IX
859 2116 913 2148 55.

436 2226 904 2267 ROMSPLELatZonaras
928 2227 946 2263 Ι
969 2239 1004 2272 p.
1032 2229 1135 2272 88sq.

439 2290 458 2322 3
482 2287 506 2321 i.
521 2297 631 2331 marg.
655 2285 778 2321 VIIII
799 2285 871 2321 Lat
939 2281 974 2320 δ’
998 2284 1030 2319 L
1099 2279 1226 2330 Ἰάρης]
1251 2283 1399 2330 ἰαείρησ
1416 2283 1498 2325 (είί.
1513 2293 1586 2318 ras.
1599 2294 1644 2318 m.
1660 2282 1730 2326 28)
1745 2283 1845 2319 MSE
1859 2277 1994 2330 ἰαήρησ

324 2344 351 2379 Ρ
377 2341 525 2390 ἰάειροσ
547 2343 578 2378 L
603 2342 707 2378 ialaeer
731 2342 802 2378 Lat
899 2337 1106 2388 γαλαδινὸσ
1130 2351 1176 2375 ex
1201 2350 1292 2375 corr.
1316 2340 1347 2374 L
1371 2339 1568 2385 yaladinns
1591 2339 1663 2375 Lat
1766 2343 1787 2375 4
1812 2341 1993 2385 *μανασί-

325 2404 430 2437 τιδοσ
450 2400 479 2435 Ο
503 2396 786 2445 μανασσήτιὸοσ
803 2398 888 2434 SPL
982 2401 1002 2432 6
1028 2399 1105 2434 τῶν
1128 2408 1157 2432 s.
1173 2397 1211 2431 M
1303 2393 1503 2442 γαλαδιιὴν
1521 2396 1624 2431 LLat
1717 2400 1734 2430 7
1761 2394 1903 2433 εἴκοσιν
1926 2396 1994 2432 LE

438 2460 457 2492 S
482 2455 534 2498 ἐν]
559 2455 602 2502 ἐγ
626 2456 659 2491 R
746 2451 927 2499 Καμμὼν]
955 2451 1138 2498 καλαμὼν
1162 2452 1225 2488 RO
1250 2449 1384 2497 καμὼν
1408 2452 1606 2488 MSPLLat
1695 2455 1898 2499 γαλαδιιῆσ
1921 2453 1993 2489 ML

325 2514 396 2550 Lat
491 2516 530 2546 10
555 2514 654 2548 *τοῦ
682 2514 778 2548 θεοῦ
809 2510 998 2547 om.ROM
1093 2514 1129 2546 11
1158 2506 1412 2556 ὺπερεφὲρετο
1438 2508 1576 2544 ROML
1602 2506 1833 2555 ὺπεᾳὲρεντο
1858 2509 1903 2544 P¹

325 2567 531 2614 *ιῖμανῖται
556 2568 620 2603 RO
759 2571 798 2604 12
823 2570 1069 2614 παλαιστῆνοι
1097 2566 1126 2602 Ο
1152 2568 1399 2612 παλαιστηιυὶ
1423 2566 1512 2601 SPE
1653 2570 1692 2602 14
1718 2565 1915 2613 *αὶβραῖοι
1941 2566 1993 2607 (αἱ

325 2625 575 2666 rubricatoris)
602 2625 631 2659 L
724 2621 812 2666 υπὸ]
837 2620 915 2661 α’πὸ
942 2624 980 2659 Μ
1088 2628 1126 2659 15
1153 2624 1345 2660 *ὶκετείασ
1369 2622 1496 2657 MSPL
1521 2622 1807 2668 supplicationes
1830 2623 1902 2658 Lat

324 2682 558 2728 *ἐτρέποντο
584 2681 638 2716 SP
769 2679 970 2727 ἐπέφερον]
995 2678 1230 2725 ἐπεφέροντο
1257 2680 1295 2714 Μ
1425 2682 1462 2713 17
1489 2676 1830 2724 μεταβαλλόμενοσ
1855 2679 1991 2716 ROML

442 2742 481 2773 19
506 2734 726 2782 *ἁμανιτῶν
750 2736 868 2773 OS¹P¹
967 2737 1034 2773 *δὲ
1059 2734 1349 2782 στρατευκότων
1374 2736 1404 2770 L
1508 2733 1736 2781 *γαλαδινὴν
1759 2735 1904 2771 MLLat

327 2799 368 2830 2⁰
394 2791 734 2842 στρατηγήσοντος]
766 2796 1074 2839 στρατηγοῦντοσ
1098 2793 1161 2829 RO
1283 2795 1321 2827 21
1349 2787 1513 2836 Ἰαφθᾶς]
1539 2788 1680 2836 ἰεφθὰσ
1705 2791 1824 2828 OSPL
1848 2789 1992 2838 ἰάφθησ

326 2851 363 2886 Μ
390 2851 524 2897 ιίἷφθην
548 2854 698 2892 (accus.)
722 2850 755 2884 E
779 2849 922 2896 ieptlms
945 2850 1017 2885 Lat
1132 2852 1174 2884 22
1201 2845 1330 2890 αὐτοῦ]
1355 2847 1491 2884 ἑαυτοῦ
1516 2848 1570 2882 Sl‘
1697 2850 1904 2894 στρατείαν
1927 2848 1992 2884 RO

439 2905 687 2953 μισθοφόρον
710 2906 830 2942 ROSP
854 2908 1109 2952 μισθοφορῶν
1132 2906 1171 2941 M
1195 2907 1439 2950 μισθοδοτῶν
1463 2903 1586 2939 Naber
1722 2907 1764 2939 23
1788 2902 1995 2951 ἐπαγγελό-

326 2976 432 3008 μενοι
460 2963 498 2997 S·
593 2966 634 2997 24
658 2957 809 2999 ἅπαντα
836 2963 887 2999 SP
981 2959 1206 3008 ἡγεμονείαν
1230 2961 1268 2996 Μ

2023 927 2060 960 10

2023 1261 2113 1298 15
