2091 3418
44 577 63 608 5

24 914 61 947 10

569 185 730 229 ANTIQ.
756 185 851 221 ΠΗ).
877 187 927 220 111
955 188 1134 221 245—250
1157 190 1191 229 (x
1209 193 1237 220 ⁴.
1255 191 1285 229 5)
1676 186 1752 225 207

96 302 310 356 φέροντας
342 297 385 340 ἔν
415 307 512 349 ταῖς
540 301 689 354 χερσὶν
721 299 975 357 εἰρεσιιὶιην
1014 305 1223 357 μιρσίντς
1259 302 1329 343 καὶ
1363 301 1481 350 ἰτέας
1513 316 1590 343 συν
1619 301 1755 358 κράδῃ

96 370 296 423 φοίνικος
319 370 621 423 πεποιημένην
651 368 728 408 τοῦ
749 366 889 423 μίλοι
911 371 987 410 τοί
1019 371 1095 424 τῆς
1116 383 1308 423 περσεας
1345 369 1602 423 τροσόντος.
1643 367 1755 412 εἶναι

97 433 144 476 δὲ
175 436 226 490 v]
260 433 413 490 πρώτη
445 436 532 475 τῶν
565 431 736 489 ηιιερῶν
768 434 845 489 την
875 437 952 491 τῆς
982 432 1319 486 ὁλοκαιτιύσεως
1352 441 1516 479 θυσίαν
1549 437 1591 480 ἐκ
1623 440 1756 491 τριῶν

94 503 166 544 καὶ
199 502 302 543 δέκα
331 503 448 555 βοῶν
479 502 548 543 καὶ
583 498 725 555 άρνιὼ
757 501 817 544 ἑνὶ
847 503 1064 545 ιλειόνων
1095 521 1164 545 και
1198 506 1329 557 κριῶν
1360 504 1436 546 δύο
1459 504 1599 546 κατὰ
1590 509 1756 560 παραί-

92 583 218 625 τησιν
251 566 477 624 ἁμαρτιῶν
509 568 664 625 ε’ρίιῙου
687 573 1056 624 προστιθεμένου.
1102 580 1199 620 ταῖς
1231 567 1270 612 δ’
1293 571 1390 626 ἑξῆς
1413 569 1592 628 ἡμέραις
1623 569 1645 614 ὁ
1677 572 1755 626 μὲν

95 633 226 686 αὐτὸς
257 632 452 691 ἀριθμὸς
482 639 568 679 τῶν
601 633 744 692 ἀρνῶν
785 639 854 679 καὶ
898 640 984 679 τῶν
1022 640 1153 693 κριῶν
1194 638 1270 681 σὺν
1309 642 1371 695 τῷ
1411 638 1551 697 ἐρίφῳ
1582 640 1754 690 θύεται,

93 700 383 761 ὑφαιροῦντες
415 704 460 746 δὲ
492 703 673 761 ἑκάστης
697 701 859 760 ἡμέρας
881 704 954 747 ἵνα
984 708 1072 746 τῶν
1091 708 1210 759 βοῶν
1232 705 1294 756 εἰς
1325 706 1438 748 ἑπτὰ
1469 710 1753 750 καταντῶσιν.

95 766 290 814 ἀνίενται
334 772 381 814 δὲ
423 768 513 814 ἀπὸ
558 771 725 822 παντὸς
764 772 888 827 ἔργου
926 771 1036 814 κατὰ
1075 772 1152 828 τὴν
1191 770 1348 831 ὀγδόην
1381 771 1543 831 ἡμέραν
1581 777 1651 817 καὶ
1690 777 1754 830 τῷ

93 840 209 894 θεῷ,
245 839 454 894 καθάπερ
484 839 734 896 εἰρήκαμεν,
766 840 930 893 μόσχον
960 856 1007 882 τε
1037 840 1206 894 θύομεν
1235 845 1308 884 καὶ
1352 842 1474 897 κριὸν
1516 845 1585 885 καὶ
1621 840 1754 898 ἄρνας

91 905 218 958 ἑπτά,
259 904 370 961 ὑπὲρ
403 907 449 949 δὲ
481 903 806 964 ἁμαρτημάτων
838 907 1148 963 παραιτήσεως
1179 909 1346 966 ἔριφον.
1405 912 1478 952 καὶ
1508 914 1645 953 ταῦτα
1674 912 1754 965 μὲν

87 970 305 1030 Ἑβραίοις
335 973 414 1025 τὰς
445 974 604 1032 σκηνὰς
634 974 901 1031 πηγνύουσιν
933 974 1151 1018 ἐπιτελεῖν
1183 975 1275 1019 ἐστι
1306 977 1507 1033 πάτριον.

207 1047 243 1086 5.
297 1045 369 1098 Τῷ
402 1042 448 1084 δὲ
486 1044 589 1099 μηνὶ
628 1044 691 1097 τῷ
729 1043 965 1097 Ξανθικῷ,
1007 1041 1056 1093 ὃς
1088 1043 1234 1086 Νισὰν
1277 1042 1385 1100 παρ’
1414 1043 1514 1102 ἡμῖν
1555 1047 1753 1088 καλεῖται

91 1111 163 1152 καὶ
194 1113 271 1152 τοῦ
303 1110 425 1160 ἔτους
456 1109 573 1152 ἐστὶν
601 1105 719 1164 ἀρχή,
752 1110 1199 1168 τεσσαρεσκαιδεκάτῃ
1223 1112 1334 1154 κατὰ
1358 1113 1539 1170 σελήνην
1571 1112 1615 1155 ἐν
1646 1115 1754 1169 κριῷ

90 1179 168 1220 τοῦ
207 1175 330 1233 ἡλίου
369 1179 673 1227 καθεστῶτος,
713 1176 854 1232 τούτῳ
893 1176 975 1233 γὰρ
1014 1181 1076 1234 τῷ
1107 1181 1209 1236 μηνὶ
1248 1183 1325 1236 τῆς
1363 1176 1442 1222 ὑπ’
1473 1181 1754 1237 Αἰγυπτίους

91 1245 293 1294 δουλείας
335 1241 726 1302 ἠλευθερώθημεν,
767 1246 839 1286 καὶ
877 1243 955 1300 τὴν
995 1249 1183 1299 θυσίαν,
1226 1247 1275 1304 ἣν
1311 1245 1405 1291 τότ’
1434 1248 1629 1299 ἐξιόντας
1667 1244 1748 1290 ἀπ)

91 1312 328 1368 Αἰγύπτου
358 1315 499 1355 θῦσαι
531 1320 755 1367 προεῖπον
794 1308 910 1368 ἡμᾶς
938 1313 1089 1367 πάσχα
1130 1316 1374 1372 λεγομένην,
1408 1312 1467 1359 δι’
1495 1316 1619 1365 ἔτους
1655 1315 1754 1358 ἑκά-

92 1395 197 1422 στου
228 1379 357 1423 θύειν
389 1379 603 1434 ἒνόαισεν,
634 1382 708 1422 καὶ
731 1378 780 1435 δη
805 1381 1012 1434 τελουμεν
1045 1376 1177 1438 αυτὴν
1206 1382 1317 1424 κατὰ
1348 1388 1539 1440 φατρίας
1568 1381 1754 1440 μηδενὸς

89 1449 177 1489 τῶν
196 1450 451 1501 τεθυμένων
474 1447 536 1498 εἷς
555 1446 634 1504 τὴν
656 1446 870 1490 ἐπιοῦσαν
891 1452 1170 1504 τηρουμένου.
1202 1453 1382 1507 πέμπτη
1416 1451 1462 1493 δὲ
1492 1453 1563 1493 καὶ
1596 1450 1751 1507 δεκάτη

92 1515 341 1568 διαδέχεται
366 1515 444 1572 τὴν
465 1515 617 1568 πάσχα
638 1512 662 1572 ἡ
685 1517 773 1557 τῶν
796 1510 969 1569 ἆζιμων
992 1515 1131 1597 ἑορτη(
1141 1517 1255 1560 ἑπτὰ
1286 1515 1452 1595 ἡιιερας
1484 1518 1606 1570 ου’·σα,
1637 1517 1747 1561 καθ’

91 1581 144 1639 ἣν
175 1578 356 1636 άζίιιοις
386 1586 625 1640 τρέφονται
656 1585 726 1626 καὶ
758 1579 867 1626 καθ’
894 1583 1077 1642 ἑκάστην
1108 1583 1273 1642 ἡμέραν
1312 1604 1467 1641 ταυροι
1509 1586 1753 1644 σφάζονται

91 1650 168 1693 δύο
199 1652 271 1693 καὶ
302 1648 424 1704 κριὸς
454 1651 531 1701 μὲν
563 1650 626 1701 εἷς
657 1650 771 1694 ἑπτὰ
804 1651 850 1694 δὲ
882 1648 1022 1707 ἄρνες.
1067 1655 1141 1696 καὶ
1170 1656 1310 1696 ταῦτα
1340 1655 1419 1708 μὲν
1449 1652 1753 1698 ὁλοκαυτεῖται

89 1720 447 1772 προστιθεμένου
478 1727 572 1768 τοῖς
602 1721 717 1761 πᾶσι
747 1720 820 1761 καὶ
842 1717 998 1775 ἐρίφου
1036 1718 1145 1776 ὑπὲρ
1178 1718 1443 1777 ἁμαρτάδων
1475 1722 1538 1773 εἷς
1569 1718 1752 1776 εὐωχίαν

87 1784 198 1827 κατὰ
239 1782 402 1841 ἡμέραν
441 1785 624 1843 ἑκάστην
663 1796 758 1837 τοῖς
799 1787 999 1842 ἱερεῦσιν.
1057 1790 1111 1844 τῇ
1147 1788 1193 1831 δὲ
1233 1789 1414 1847 δευτέρᾳ
1451 1793 1538 1833 τῶν
1578 1787 1750 1844 ἀζύμων

88 1849 241 1910 ἡμέρα,
283 1853 378 1910 ἕκτη
418 1850 458 1895 δ’
485 1853 603 1897 ἐστὶν
636 1849 741 1911 αὕτη
772 1856 846 1897 καὶ
884 1854 1052 1912 δεκάτη,
1092 1858 1179 1898 τῶν
1210 1860 1392 1913 καρπῶν
1423 1857 1498 1909 οὓς
1529 1858 1750 1915 ἐθέρισαν,

200 1975 221 2018 5
246 1976 312 2008 246
336 1981 380 1993 =
405 1965 512 2001 Num.
536 1966 658 2001 XXIX
685 1969 745 2011 133
775 1968 796 2011 ξ
821 1969 886 2001 248
910 1984 954 1996 =
977 1967 1098 2004 Leuit.
1123 1969 1246 2005 XXIII
1271 1975 1302 2006 5.

199 2076 466 2113 ROMSPLLat

202 2137 216 2168 1
245 2133 449 2181 φέροντασ,
475 2148 499 2170 α
522 2134 547 2168 i.
571 2145 642 2170 ras.
668 2146 714 2170 m.
743 2137 762 2176 2
787 2134 826 2169 Μ
851 2134 1040 2182 φέροντεσ
1062 2134 1094 2169 L
1199 2130 1427 2180 εἰρεσιώνην]
1453 2133 1625 2179 εἰρεσιῶν
1648 2127 1694 2180 ἦν
1717 2134 1750 2169 R

87 2188 239 2236 ιρεσιων
263 2203 308 2236 ην
329 2191 369 2225 M
395 2187 566 2237 εἰρεσιὼν
590 2191 614 2226 S
705 2193 815 2238 κραδὶ
838 2190 902 2226 Ro
997 2193 1017 2225 2
1042 2190 1207 2237 περσίασ
1230 2189 1264 2224 R
1366 2193 1385 2223 4
1410 2188 1474 2230 ἑνὶ]
1500 2185 1556 2225 ἕν’
1581 2187 1604 2235 ἢ
1626 2190 1649 2223 i.
1676 2201 1748 2226 ras.

86 2247 126 2282 M
252 2250 271 2281 5
295 2245 442 2293 ἐρίφου]
467 2242 561 2292 εφοῧ
586 2247 626 2281 Μ
747 2254 830 2290 ταῖς
854 2243 889 2284 δ’
915 2245 996 2294 εξῆς
1019 2243 1186 2293 ἡμέραις]
1210 2257 1279 2281 sex
1302 2250 1418 2281 autem
1443 2245 1566 2279 diebus
1588 2245 1661 2280 Lat

87 2305 107 2338 6
131 2299 212 2345 σὺν]
237 2299 306 2339 σὺν
328 2304 392 2338 καὶ
415 2302 541 2338 MSPL
645 2306 662 2336 7
689 2299 946 2351 ὗφαιροῦντοσ
969 2304 1003 2339 R
1106 2299 1214 2344 ἑπτὰ]
1240 2301 1352 2338 πέντε
1376 2301 1440 2336 RO
1465 2301 1654 2347 septimum
1679 2301 1749 2337 Lat

201 2361 220 2394 8
246 2354 426 2399 άνίενται]
452 2357 591 2395 ἐνίεται
616 2359 647 2393 L
784 2363 804 2395 9
828 2358 932 2396 καθὰ
958 2357 1239 2406 προειρήκαμεν
1262 2358 1348 2394 SPL
1373 2358 1466 2392 sicut
1492 2357 1749 2402 praediximus

87 2415 159 2451 Lat
250 2413 406 2459 θύομεν]
430 2411 623 2459 θυόμενον
640 2414 669 2449 Ο
691 2413 825 2452 θύουσι
842 2417 1042 2453 MSPLLat
1138 2419 1176 2450 10
1201 2411 1301 2461 ὑπὲρ
1320 2414 1369 2455 δὲ]
1396 2410 1489 2457 ὑπὲρ
1505 2413 1545 2447 Μ
1568 2415 1631 2448 καὶ
1654 2409 1748 2460 ὑπὲρ

87 2471 174 2507 SPL
198 2475 287 2506 εί-
298 2482 370 2517 pro
393 2471 465 2506 Lat
586 2469 859 2518 παραιτήσεως]
882 2475 947 2509 καὶ
970 2466 1240 2519 παραιτήσεωσ
1263 2470 1316 2506 SP
1440 2472 1476 2504 11
1505 2466 1686 2515 πήγνυσιν
1709 2470 1749 2504 Μ

86 2525 290 2574 πηγνύουσι
313 2527 344 2562 L
436 2525 538 2562 ἐστὶν
561 2526 746 2564 ἐπιτελεῖν
768 2531 813 2563 tr.
828 2529 867 2563 M
962 2532 1002 2563 12
1030 2525 1158 2565 νεισὰν
1180 2527 1226 2562 P¹
1251 2522 1384 2562 νισσὰν
1400 2525 1431 2559 L
1455 2535 1571 2570 nysam
1587 2525 1659 2560 Lat

88 2586 129 2619 13
154 2581 565 2630 τεσσαρεσκαιδεκάτην
588 2582 696 2618 RS¹L
727 2581 729 2583 ’
823 2588 865 2619 14
889 2582 1104 2632 αἷγυπτίοισ
1129 2583 1181 2619 SP
1207 2582 1411 2628 αἰγυπτίων
1434 2581 1506 2616 ML
1626 2585 1666 2616 15
1690 2577 1747 2628 ἣν]

85 2633 131 2686 ἧν
154 2639 183 2674 Ρ
287 2636 376 2675 τότε
400 2639 527 2674 MSPL
631 2635 698 2675 ἀπ’
727 2651 794 2675 om.
819 2641 947 2676 MSPL
1056 2642 1096 2674 16
1121 2641 1321 2685 προεῖπον]
1348 2643 1543 2685 προεῖπεν,
1567 2651 1609 2674 εν
1633 2648 1679 2672 ex
1703 2651 1748 2673 ov

87 2705 179 2730 corr.
206 2694 230 2729 S
255 2695 309 2729 ait
330 2695 404 2729 Lat
508 2699 546 2730 17
572 2689 777 2741 ἐνόῖμισεΙΙ,
801 2710 887 2741 μισε
912 2697 1030 2742 suppl.
1056 2707 1101 2730 m.
1129 2698 1148 2730 2
1172 2695 1201 2729 P
1304 2691 1456 2738 ἐνόμισε
1482 2693 1656 2729 0MS2PL

87 2752 264 2798 φατρίας]
289 2765 336 2795 (ρ-
350 2751 490 2797 ατρίασ
512 2751 552 2786 Μ
575 2753 766 2799 φρατρίας
789 2754 844 2788 ed.
869 2764 924 2799 pr.
1058 2754 1099 2787 18
1124 2749 1365 2794 τεθυομένων
1390 2749 1419 2784 Ο
1552 2747 1746 2791 ἐπιοῦσαν]

85 2838 248 2877 ἐνοῦσαν
270 2840 301 2875 L
394 2837 462 2886 τὴν
485 2838 626 2887 πάσχα]
653 2811 885 2888 τηνίοτῖτάσχα
911 2842 961 2886 Μ,
987 2852 1053 2877 om.
1079 2840 1150 2875 Lat
1257 2842 1296 2874 21
1325 2835 1601 2876 ὁλοκαυτοῦται
1626 2839 1655 2874 Ο

87 2899 130 2931 22
154 2892 377 2943 ἁμαρτάδον
393 2896 433 2931 S¹
525 2899 565 2931 23
592 2896 730 2944 ἱερεῦσι
754 2898 866 2934 OMS
856 2899 898 2933 L
992 2899 1035 2931 24
1059 2894 1204 2942 δεκάτη]
1230 2890 1366 2943 δεκάτη
1390 2899 1458 2933 τοῦ
1479 2894 1603 2943 μηνὸσ
1627 2895 1656 2931 O

85 2947 268 2999 ἦθέρισαν
292 2951 325 2987 R

1787 376 1867 414 246

1785 782 1864 820 247

1783 1050 1864 1091 248

1785 1456 1864 1498 249

1783 1794 1862 1835 250
