2060 3475
753 698 1109 754 PRAEFATIO.

888 914 983 965 §r

212 1014 522 1066 Antiquitatum
544 1013 809 1056 Iudaicarum
837 1013 934 1055 libri
956 1012 1054 1066 XX,
1086 1013 1158 1065 qui
1178 1012 1461 1054 inscribuntur
1483 1007 1774 1069 ἆρχαιολογία

96 1075 323 1135 Ἰουόαϊκή,
356 1094 382 1122 a
403 1079 624 1134 Iosepho¹)
647 1079 806 1122 Iudaeo
833 1079 933 1122 editi
966 1084 1007 1122 et
1036 1079 1327 1135 Epaphrodito
1356 1080 1589 1122 Domitiani
1617 1080 1770 1124 liberto

100 1148 217 1190 missi
256 1152 353 1190 sunt
382 1149 541 1189 Romae
572 1147 805 1201 imperante
827 1147 1074 1190 Domitiano
1105 1161 1214 1190 anno
1245 1147 1410 1202 imperii
1439 1148 1562 1190 tertio
1592 1149 1769 1202 decimo,

101 1214 140 1257 h.
166 1228 200 1256 e.
233 1227 345 1256 anno
366 1218 462 1268 post
483 1213 696 1256 Christum
718 1218 865 1256 natum
896 1215 982 1257 fere
1005 1215 1277 1268 nonagesimo
1309 1214 1447 1267 tertio,
1479 1228 1573 1256 cum
1595 1216 1772 1270 scriptor

100 1295 254 1323 annum
285 1284 430 1335 ageret
461 1281 859 1334 quinquagesimum
890 1286 1068 1335 sextum,
1101 1287 1147 1324 ut
1175 1282 1266 1336 ipse
1298 1284 1477 1324 testatur
1508 1282 1551 1323 in
1572 1281 1653 1325 fine
1673 1283 1772 1325 libri

99 1347 306 1400 uigesimi.
366 1361 459 1390 cum
490 1348 571 1390 hoc
603 1361 730 1401 opere
764 1360 890 1400 quam
922 1349 1108 1392 maxime
1139 1349 1361 1391 coniuncta
1391 1352 1455 1391 est
1484 1349 1653 1404 Iosephi
1685 1351 1774 1393 uita

99 1410 330 1469 (Ἰωσήπου
360 1414 476 1467 βίος)
518 1414 572 1456 ab
605 1415 697 1469 ipso
730 1416 980 1469 conscripta,
1014 1428 1140 1468 quam
1171 1420 1390 1468 tamquam
1420 1417 1699 1470 appendicem
1731 1422 1773 1460 et

98 1487 264 1538 partem
301 1481 598 1534 antiquitatum
639 1495 732 1525 esse
771 1483 949 1537 scriptor
985 1482 1137 1536 uoluit,
1178 1496 1309 1536 quare
1341 1496 1435 1525 eam
1466 1496 1560 1525 cum
1591 1484 1770 1537 antiqui-

98 1550 256 1592 tatibus
286 1554 359 1592 aut
389 1562 471 1591 non
502 1549 632 1592 multo
662 1554 760 1603 post
790 1548 949 1591 editam
981 1563 1074 1592 esse
1105 1562 1277 1592 necesse
1300 1548 1417 1604 est.‘-')
1470 1555 1512 1592 et
1541 1564 1651 1593 nunc
1672 1564 1772 1604 quo-

100 1630 183 1670 que
222 1618 266 1659 in
307 1616 426 1658 libris
465 1628 592 1657 manu
629 1616 797 1671 scriptis
833 1617 923 1658 uita
958 1629 1127 1670 semper
1166 1617 1466 1669 antiquitatum
1507 1617 1774 1661 Iudaicarum

219 1729 249 1768 1)
274 1726 419 1770 Iosephi
450 1735 579 1761 nomen
612 1736 740 1761 moneo
771 1736 902 1771 graece
926 1737 1005 1762 esse
1029 1720 1224 1773 Ἰώσηπος,
1255 1727 1351 1771 quod
1376 1737 1484 1772 saepe
1510 1728 1681 1764 scribitur
1703 1727 1773 1765 Ἰώ-

101 1794 249 1828 σηππος
279 1784 343 1816 aut
366 1776 562 1824 Ἰώσιππος
593 1784 629 1817 et
664 1782 783 1817 rarius
815 1778 991 1825 Ἰώσιπος.
1040 1786 1170 1828 postea
1204 1783 1401 1828 scriptores
1436 1783 1635 1820 Christiani
1666 1796 1774 1830 saepe

100 1837 265 1873 scribunt
296 1847 340 1871 ex
364 1837 538 1872 librorum
563 1847 750 1872 sacrorum
775 1839 1038 1874 consuetudine
1060 1835 1211 1885 Ἰωσήφ,
1243 1850 1313 1883 quo
1345 1839 1489 1874 nomine
1512 1838 1626 1874 filium
1649 1841 1773 1876 Iacobi

98 1893 262 1937 aliosque
287 1893 514 1937 cognomines
540 1894 745 1938 appellant,
776 1905 971 1939 numquam
997 1896 1093 1939 quod
1127 1895 1237 1929 sciam
1267 1895 1479 1940 scriptorem
1512 1899 1694 1941 nostrum3
1727 1899 1773 1933 ab

96 1944 228 1994 Ἰωσήφ
254 1948 458 1984 deriuatum
481 1945 658 1995 Ἰώσηφος
689 1950 872 1986 interdum
900 1951 939 1985 in
970 1951 1157 1986 codicibus
1194 1949 1340 1995 Iosephi
1367 1952 1630 1988 recentioribus
1661 1956 1771 1989 extat.

97 2004 223 2040 Latini
256 2004 477 2049 antiquiores
513 2006 640 2041 dicunt
664 2005 817 2052 Iosepns
842 2005 1021 2053 Ioseppus
1054 2006 1248 2052 losippus,
1280 2007 1375 2040 unde
1399 2007 1568 2043 Italicum
1594 2008 1774 2056 Gz‘useppe

99 2061 237 2096 factum
262 2064 327 2096 est.
369 2062 407 2096 in
428 2061 583 2096 Minucii
598 2061 733 2098 Felicis
752 2062 905 2098 Octauio
931 2066 1046 2105 (33.4)
1064 2062 1228 2098 Halmius
1253 2062 1368 2097 edidit
1391 2062 1500 2097 Flaui
1525 2063 1683 2110 Iosephi,
1709 2067 1773 2101 sed

99 2117 214 2153 codex
238 2115 386 2162 Iosaepe'
409 2117 521 2152 habet
544 2118 583 2152 in
606 2117 731 2163 Iosepz·
755 2121 968 2154 correctum.
1008 2119 1047 2153 in
1072 2118 1250 2154 uersionis
1271 2118 1436 2162 Latinae,
1462 2130 1554 2163 quae
1579 2131 1601 2156 a
1626 2122 1661 2156 S.
1686 2122 1773 2156 Am-

98 2173 220 2209 brosio
252 2173 351 2209 facta
384 2172 536 2216 dicitur,
569 2174 693 2209 codiee
726 2175 976 2219 antiquissimo
1007 2175 1247 2210 Ambrosiano
1278 2176 1379 2210 extat
1403 2177 1438 2210 et
1464 2176 1584 2211 extitit
1608 2175 1773 2223 losippa·

99 2230 184 2264 inde
210 2232 328 2264 ortum
352 2232 407 2264 cst
431 2229 628 2274 Hegesippi
652 2230 711 2265 uel
736 2230 923 2275 Egesippi.
966 2231 1120 2275 denique
1144 2231 1323 2266 uersionis
1339 2231 1495 2267 Latinae
1514 2232 1773 2268 Cassiodoreae

101 2285 215 2321 codex
239 2285 510 2329 antiquissimus
533 2286 796 2322 Ambrosianus
821 2287 955 2331 aliique
978 2285 1131 2332 Ioseppi
1153 2286 1312 2322 scribere
1336 2287 1464 2322 solent.
1508 2288 1570 2322 sed
1594 2286 1773 2334 Iosephus

100 2341 172 2376 iam
201 2340 239 2375 in
273 2340 458 2376 codicibus
493 2342 630 2377 saeculi
652 2342 704 2376 IX
727 2343 909 2387 reperitur
939 2345 976 2377 et
999 2345 1086 2378 tunc
1110 2343 1283 2387 temporis
1307 2343 1345 2377 in
1370 2354 1439 2378 usu
1472 2343 1583 2378 fuisse
1615 2344 1772 2389 uidetur,

101 2407 318 2441 quamquam
341 2407 387 2432 ne
411 2399 499 2432 tunc
525 2398 668 2442 quidem
693 2398 877 2442 antiquius
901 2409 1032 2433 nomen
1056 2409 1101 2432 ex
1126 2398 1312 2434 codicibus
1336 2400 1496 2435 euanuit.
1538 2399 1628 2434 illud
1644 2403 1772 2444 postea

100 2452 257 2488 inualuit
281 2456 317 2488 et
341 2463 436 2488 nunc
460 2453 499 2487 in
523 2464 592 2488 usu
617 2456 689 2498 est,
714 2465 826 2498 quare
852 2465 915 2499 ego
941 2465 1081 2499 quoque
1105 2464 1152 2489 ne
1177 2454 1263 2499 quid
1287 2456 1356 2490 hac
1380 2455 1419 2490 in
1442 2466 1482 2490 re
1506 2455 1684 2491 inutiliter
1706 2467 1770 2491 no-

102 2519 190 2544 uare
216 2508 343 2543 uidear
367 2509 511 2544 retinui.

215 2566 247 2606 2)
271 2575 344 2600 non
360 2575 416 2600 me
434 2565 526 2609 fugit
543 2564 796 2600 difficultatem
813 2566 994 2610 quandam
1009 2567 1094 2602 inde
1111 2567 1209 2611 oriri,
1235 2567 1330 2610 quod
1346 2566 1384 2600 in
1401 2566 1479 2600 uita
1501 2576 1531 2600 c.
1548 2569 1589 2601 65
1607 2567 1772 2613 Agrippa

100 2619 154 2654 ita
184 2622 421 2664 memoratur,
458 2623 499 2656 ut
527 2623 708 2656 mortuum
739 2632 820 2657 eum
853 2632 931 2657 esse
968 2625 1163 2667 appareat,
1201 2633 1305 2666 quem
1340 2624 1468 2666 postea
1498 2622 1640 2657 demum
1675 2634 1770 2660 anno

100 2687 136 2720 p.
157 2675 240 2710 Chr.
261 2679 324 2710 100
350 2676 481 2712 obiisse
498 2677 651 2712 Photius
674 2680 802 2712 narrat
825 2678 916 2720 (cod.
945 2682 1012 2720 33).
1055 2679 1118 2714 sed
1140 2682 1279 2714 certum
1303 2680 1358 2712 est
1374 2677 1484 2712 uitam
1504 2678 1676 2723 scriptam
1693 2690 1771 2714 esse

101 2731 302 2776 imperante
326 2731 552 2776 Domitiano,
583 2743 650 2768 nec
680 2743 760 2768 eam
790 2734 836 2769 ab
869 2734 1147 2779 antiquitatibus
1171 2735 1278 2778 longo
1304 2733 1422 2778 spatio
1447 2733 1572 2769 diuelli
1595 2745 1703 2779 posse
1728 2746 1770 2770 eo

102 2788 274 2832 cernitur,
300 2789 395 2832 quod
418 2789 601 2834 prooemio
627 2800 756 2824 carens
782 2789 912 2835 incipit
932 2800 954 2825 a
971 2791 1092 2826 uerbis
1116 2789 1201 2835 ἐμοὶ
1226 2790 1264 2825 δὲ
1280 2789 1389 2835 γένος
1406 2788 1508 2826 ἐστὶν
1525 2785 1594 2826 οὐκ
1610 2788 1770 2837 ἄσημον.

102 2854 169 2878 nec
194 2854 346 2888 usquam
369 2847 590 2880 memoratur
606 2845 894 2890 Epaphroditus,
921 2848 980 2882 cui
1004 2847 1081 2882 uita
1105 2856 1245 2891 quoque
1271 2846 1440 2881 dedicata
1464 2848 1529 2890 est,
1555 2849 1638 2882 ante
1661 2847 1769 2882 finem

101 2899 217 2934 hunc:
244 2902 305 2936 σοὶ
337 2895 374 2935 ‹5'
400 2895 670 2943 ἀποδεδωκώς,
694 2899 872 2946 κράτιστε
903 2897 1053 2947 ἀνδρῶν
1075 2898 1341 2948 Ἐπαφρόδιτε,
1372 2900 1440 2948 τὴν
1463 2904 1592 2938 πᾶσαν
1616 2905 1681 2948 τῆς
1705 2898 1769 2949 ἆρ-

102 2956 325 3001 χαιολογίας
353 2953 579 3002 ἀναγραφὴν
603 2955 665 2993 ἐπὶ
688 2960 758 2994 τοῦ
783 2955 978 3002 παρόντος
1002 2957 1169 2995 ἐνταῦθα
1197 2954 1406 2994 καταπαύω
1429 2954 1500 2994 τὸν
1523 2955 1651 3005 λόγον.
