2091 3418
570 215 730 260 ANTIQ.
759 216 855 252 IUD.
879 216 911 252 V
939 219 1115 252 186-192
1139 220 1187 258 (ιν
1207 223 1232 250 1.
1249 221 1280 259 ι)
1678 217 1758 254 329

96 343 252 383 ροντας
287 325 571 378 ὑποτάξαντα
610 327 724 383 πρὸς
752 328 801 371 τὸ
843 330 1056 380 παντελὲς
1095 325 1238 372 αὐτῶν
1268 330 1345 386 τὴν
1385 330 1569 384 δύναμιν
1599 347 1758 374 ταπει-

96 397 235 437 νῶσαι
265 396 337 437 καὶ
370 394 536 452 φόρους
567 392 718 445 αὐτοῖς
748 395 955 447 ἐπιτάξαι
986 398 1139 439 τελεῖν.
1190 398 1466 452 καθιδρύσας
1498 394 1536 440 δ’
1565 394 1681 454 αὐτῷ
1713 398 1757 442 ἐν

89 459 333 518 Ἱεριχοῦντι
373 463 602 516 βασίλειον
640 463 800 520 ταύτην
840 459 1082 514 ἀποδείξας
1121 460 1246 507 οὐδὲν
1281 468 1358 521 τῆς
1396 465 1458 516 εἷς
1488 466 1537 508 τὸ
1580 468 1758 524 πλῆθος

93 529 324 580 κακώσεως
361 530 608 584 παρέλιπεν
640 530 703 579 εἴς
741 547 788 572 τε
828 535 985 573 πενίαν
1025 527 1182 580 αὐτοὺς
1211 535 1474 589 κατέστησεν
1507 531 1580 576 ἐπὶ
1618 530 1758 577 ὀκτω-

43 605 62 637 5
91 597 271 640 καίδεκα
307 597 395 654 ἔτη.
468 595 615 651 λαβὼν
655 594 693 640 δ’
719 596 865 641 οἶκτον
904 596 926 641 ὁ
967 597 1078 648 θεὸς
1116 601 1205 641 τιῦν
1245 595 1550 657 [Ἰσραηλιτῶν]
1591 597 1664 658 ἐφ’
1691 602 1758 653 οἷς

93 664 288 718 ἔπασχον
326 666 399 707 καὶ
437 674 536 715 ταῖς
568 666 773 715 ἱκετείαις
805 661 947 707 αὐτῶν
979 665 1272 716 ἐπικλασθεὶς
1303 662 1531 722 ἀπήλλαξε
1559 671 1636 724 τῆς
1667 667 1754 713 ὑπὸ

91 741 186 783 τοῖς
216 736 489 786 ,Μωαβίταις
519 728 697 789 ὕβρεως.
757 729 1136 789 ἠλευθερώθησαν
1168 733 1215 775 δὲ
1245 734 1387 790 τούτῳ
1418 737 1481 790 τιιῦ
1511 736 1678 793 τρόπῳ.

206 803 245 843 2.
278 802 365 856 Τῆς
397 801 708 854 Βενιαμίτιδος
739 802 880 858 φυλῆς
911 804 1085 851 νεανίας
1110 796 1273 857 Ἰούδης
1302 801 1381 854 μὲν
1412 799 1605 856 τοῦνομα
1638 804 1758 860 Γήρα

90 883 139 910 τε
169 866 340 923 πατρὸς
370 869 591 923 τολιιησαί
612 884 659 910 τε
692 863 1001 923 ἀνδρειότατος
1031 869 1102 910 καὶ
1125 870 1189 923 τιιιῖ
1221 868 1394 923 σώματι
1425 870 1538 925 πρὸς
1562 888 1616 913 τα
1653 872 1757 928 ἔργα

23 941 61 975 10
87 935 286 1013 χρῆσθαι
326 934 375 976 δι
371 934 511 985 νατὸς
540 937 628 977 τιῦν
664 938 823 991 χειριῦν
853 934 931 990 τὴν
970 931 1206 991 ἀριστερὰν
1238 932 1429 990 ἀμείνων
1459 934 1568 980 κάπ’
1596 938 1758 1017 ἐκείνης

89 1000 168 1057 τὴν
201 996 382 1044 άπασαν
415 1017 535 1055 ισχιν
567 1001 674 1055 έχων
703 1002 888 1059 κατιιιὶκει
909 1003 988 1057 μὲν
1010 1002 1054 1045 ἐν
1081 1000 1329 1058 Ἱεριχοῦντι
1353 1006 1427 1047 καὶ
1450 1001 1594 1057 αὗτός,
1627 1005 1757 1062 συνή-

90 1072 178 1125 θης
209 1068 255 1111 δὲ
285 1073 454 1124 γίνεται
484 1086 544 1124 τιιιι
572 1066 749 1125 Ἐγλῶνι
781 1045 966 1124 δωρεαῖς
1004 1066 1136 1113 αὐτὸν
1167 1072 1434 1127 θεραπεύων
1464 1074 1537 1115 καὶ
1569 1069 1756 1129 ὑπερχό-

89 1151 231 1190 μενος,
265 1133 325 1186 (ὃς
357 1135 431 1178 διὰ
461 1138 592 1179 τοῦτο
623 1138 695 1179 καὶ
726 1146 820 1187 τοῖς
851 1139 952 1192 περὶ
974 1137 1051 1180 τὸν
1070 1139 1258 1192 βασιλέα
1280 1141 1511 1196 προσφιλῆ
1532 1140 1756 1196 τυγχάνειν

91 1199 237 1246 αὐτόν.
287 1221 359 1246 και
381 1219 493 1245 ποτε
520 1203 597 1245 σὺν
630 1204 753 1246 δυσὶν
785 1204 975 1255 οἰκέταις
1006 1205 1125 1261 διῦρα
1155 1208 1219 1261 τιιιῖ
1247 1208 1425 1260 βασιλεῖ
1456 1210 1602 1264 φέρων
1634 1207 1755 1284 ξιφί-

20 1279 58 1312 15
89 1271 185 1314 διον
214 1270 361 1327 κρύφα
391 1273 454 1326 τῷ
476 1270 551 1320 δεξ
553 1273 606 1326 ιιιῦ
629 1273 772 1314 σκέλει
794 1272 1146 1329 περιδησάμενος
1167 1272 1306 1330 εἷσηει
1327 1273 1441 1328 πρὸς
1464 1270 1609 1317 αυτόν.
1661 1269 1754 1328 ὥρα

90 1334 131 1381 δ’
157 1330 209 1395 ἧν
239 1342 402 1395 θέρους
431 1340 502 1380 καὶ
534 1341 611 1395 τῆς
640 1336 807 1394 ἡμέρας
834 1336 916 1396 ἤδη
946 1339 1165 1397 μεσούσης
1187 1336 1359 1384 ἀνεῖντο
1383 1342 1428 1384 αἱ
1451 1338 1687 1398 φυλακαὶε
1665 1341 1753 1384 υπό

87 1422 136 1449 τε
166 1408 245 1449 τοῦ
275 1406 498 1460 καύματος
528 1408 600 1449 καὶ
623 1405 737 1463 πρὸς
760 1422 941 1462 αριστον
962 1410 1284 1463 τετραιιιιένων.
1337 1409 1439 1459 δοὺς
1461 1408 1536 1452 οὖν
1557 1408 1612 1451 τὰ
1635 1409 1755 1462 διῦρα

88 1475 152 1529 τιιῦ
176 1469 355 1529 Ἐγλῶνι
385 1471 407 1516 0‘
442 1477 687 1523 νεανίσκος,
730 1474 926 1556 διέτριβε
952 1472 994 1516 δ’
1022 1474 1066 1517 έν
1096 1492 1183 1518 τινι
1215 1475 1424 1532 δωματίιιι
1458 1476 1612 1526 δεξιῶς
1641 1476 1756 1532 πρὸς

87 1544 225 1596 θέρος
256 1541 417 1595 έχοντι,
459 1539 575 1594 πρὸς
613 1537 794 1595 ομιλίαν
826 1540 1084 1598 ετράποντο.
1143 1542 1274 1597 μόνοι
1306 1539 1346 1585 δ’
1372 1542 1485 1599 ἠσαν
1517 1546 1595 1586 τοῦ
1624 1547 1756 1598 βασι-

19 1617 57 1651 20
89 1609 199 1659 λέως
228 1610 301 1651 καὶ
332 1625 435 1659 τοις
481 1608 761 1659 ἐπεισιόντας
790 1611 878 1652 τῶν
917 1610 1213 1665 θεραπόντων
1252 1606 1435 1654 ἀπιέναι
1473 1610 1756 1661 κελεύσαντος

89 1674 164 1719 διὰ
203 1674 254 1719 τὸ
297 1675 412 1731 πρὸς
446 1671 611 1733 Ἰούδην
650 1673 834 1730 ὁμιλεῖν.
903 1679 1105 1733 καθῆστο
1146 1673 1188 1719 δ’
1224 1676 1299 1721 ἐπὶ
1338 1678 1506 1733 θρόνου
1544 1680 1617 1721 καὶ
1658 1678 1756 1729 δέος

201 1822 222 1864 ξ
250 1823 313 1856 186
338 1838 381 1849 =
406 1821 518 1856 Iudic.
544 1821 598 1856 111
623 1824 675 1856 13.

202 1955 666 1992 ROMSPLELatZonaras
691 1957 708 1991 I
732 1969 767 2002 p.
796 1960 848 1992 84.

205 2015 218 2046 1
247 2009 306 2054 τὸ]
331 2015 385 2048 τιῦ
411 2012 480 2047 SP¹
606 2010 674 2059 τὴν
698 2011 852 2058 δύναμιν
877 2009 1002 2049 αὐτῶν
1025 2017 1070 2049 tr.
1096 2014 1127 2048 L
1240 2017 1258 2048 2
1283 2011 1469 2061 *φόρους]
1495 2013 1700 2062 διαφόροισ
1723 2016 1756 2051 R

88 2070 161 2105 δϊσὶ
185 2065 337 2115 φόρουσ
362 2068 391 2104 Ο
499 2067 683 2112 *ἐπέταξε
708 2069 761 2105 SP
864 2066 996 2105 *αὑτῶ
1019 2069 1065 2103 P²
1164 2072 1183 2103 3
1209 2072 1416 2117 βασίλειον]
1440 2073 1637 2117 βασιλείαν
1661 2072 1755 2107 RSE

87 2135 236 2171 reqnum
261 2124 334 2160 Lat
357 2125 531 2172 βασίλεια
556 2125 635 2160 Zon
765 2122 914 2172 ταύτην]
939 2127 1002 2161 καὶ
1027 2123 1164 2171 ταύτην
1188 2126 1315 2161 MSPL
1341 2122 1380 2162 τ’
1406 2122 1522 2172 αὐτὴν
1546 2127 1638 2162 coni.

88 2178 226 2227 ταύτην
250 2175 450 2223 ἀποδείξας
475 2192 542 2216 om.
568 2181 675 2216 ELat
698 2181 753 2216 ed.
774 2192 830 2226 pr.
931 2184 953 2215 4
977 2181 1233 2228 *παρέλειπεν
1256 2183 1327 2217 ML
1421 2181 1494 2224 ἐπὶ]
1520 2183 1577 2219 εἰσ
1601 2183 1752 2219 ROSPL

201 2232 483 2272 *ὀκτακαίδεκα
507 2236 541 2271 R
634 2240 652 2270 5
678 2240 766 2278 τῶν]
792 2233 918 2274 αὐτῶν
942 2237 974 2270 Ε
999 2237 1083 2273 fort.
1107 2240 1206 2272 recte
1297 2234 1531 2285 Ἰσραηλιτῶν
1554 2250 1623 2274 om.
1648 2239 1754 2274 ROM

87 2291 193 2327 ELat
285 2294 305 2326 6
330 2288 512 2337 ἔπασχον]
538 2289 707 2337 ἔφασκον
723 2293 788 2328 Ro
883 2292 1043 2329 ἳκεσίαισ
1067 2293 1137 2328 ML
1163 2292 1345 2330 ἶκεσείαισ
1361 2295 1400 2329 S¹
1492 2291 1579 2337 ὑπὸ]
1604 2294 1665 2331 ἐπὶ
1681 2295 1753 2330 ML

134 2338 140 2344 ⁵
200 2350 219 2381 7
244 2343 576 2393 ἠλευθερώθησαν]
601 2344 840 2394 ἠλευθέρωσε
864 2349 972 2383 MLE
996 2352 1032 2384 et
1056 2352 1096 2384 ut
1120 2350 1194 2384 uid.
1212 2350 1284 2385 Lat
1363 2353 1448 2386 *τῶ
1471 2348 1605 2397 τρόπω
1630 2348 1754 2387 τούτω

87 2407 133 2440 tr.
153 2404 282 2439 MSPL
399 2406 417 2438 8
442 2404 466 2438 i.
485 2415 596 2448 marg.
620 2404 649 2437 V
672 2405 744 2439 Lat
858 2403 1153 2451 *βενιαμήτιδοσ
1176 2406 1262 2441 S¹P¹
1378 2403 1547 2453 *Ἰούδης]
1573 2404 1699 2453 α’ώδησ
1723 2407 1754 2441 L

87 2460 178 2495 hiud
199 2460 273 2495 Lat
296 2455 433 2502 Ἰούδας
455 2463 611 2495 testatur
635 2461 713 2495 Zon
735 2457 887 2507 Ἠούδης
910 2461 1081 2506 Hudson,
1106 2462 1152 2496 cf.
1179 2466 1391 2507 argumenta
1504 2460 1601 2509 γηρά
1627 2463 1651 2498 S
1677 2468 1754 2498 tera

86 2517 160 2552 Lat
252 2519 271 2551 9
297 2529 337 2552 τε
362 2512 522 2562 πατρὸς]
549 2516 587 2552 δὲ
611 2514 760 2563 πατρὸς
783 2517 932 2552 Ernesti
1021 2521 1074 2559 τε]
1106 2518 1145 2554 δὲ
1169 2519 1262 2554 coni.
1345 2515 1600 2563 α’νδριότατοσ
1624 2519 1663 2553 Μ

90 2576 130 2608 10
152 2570 371 2619 χρήσασθαι
397 2572 449 2608 SP
542 2571 712 2615 δυνατὸς]
738 2571 1006 2609 δυνατώτατοσ
1028 2573 1191 2609 MSPLE
1283 2570 1392 2617 κάπ’]
1417 2570 1507 2611 κατ’
1532 2575 1561 2610 Ρ
1584 2571 1657 2611 κείν
1681 2571 1754 2612 ἄπ’

88 2629 127 2663 Μ
151 2631 214 2666 καὶ
239 2624 312 2666 ἄπ’
336 2627 401 2664 RO
493 2626 647 2674 ἐκείνης]
672 2627 828 2665 ἐκείνων
853 2629 876 2663 S
984 2633 1023 2665 11
1050 2626 1118 2676 τὴν
1142 2634 1270 2667 πᾶσαν
1293 2631 1332 2666 Μ
1436 2629 1506 2667 *ἐν
1530 2641 1598 2666 om.
1623 2632 1663 2666 M

90 2688 130 2721 12
156 2685 310 2732 αἰγλῶνι
335 2684 424 2720 SPE
449 2680 582 2730 ἔγλωνι
606 2685 636 2719 L
743 2687 783 2719 13
810 2680 872 2727 ὥς]
895 2687 959 2721 καὶ
982 2686 1022 2720 Μ
1137 2684 1207 2723 τὸν
1231 2698 1299 2722 om.
1322 2687 1352 2721 P
1461 2689 1502 2721 16
1527 2682 1694 2733 *οἷνῆντο
1719 2687 1753 2722 R

199 2743 404 2786 *φυλακαὶ]
428 2742 541 2785 φυλαὶ
564 2742 628 2776 καὶ
651 2740 685 2775 R
709 2743 871 2787 φυλακαὶ
895 2744 958 2777 καὶ
983 2742 1087 2777 OML
1211 2747 1248 2777 17
1276 2740 1444 2788 ἄριστον,
1470 2756 1516 2779 ον
1539 2754 1584 2778 ex
1609 2756 1632 2778 cc
1658 2753 1752 2778 corr·

86 2797 121 2833 R
214 2800 253 2832 18
280 2797 434 2843 αἰγλῶνι
459 2795 546 2830 SPE
572 2792 704 2842 ἕγλωνι
728 2797 799 2831 ML
881 2797 1042 2845 διέτριβε
1065 2794 1115 2839 δ’]
1140 2798 1324 2846 διέτριβεν
1346 2799 1377 2834 L
1471 2800 1659 2846 δωματίῳ]
1685 2795 1752 2834 διό-

87 2866 176 2898 ματι
201 2852 267 2888 RO
403 2854 444 2887 19
468 2848 656 2897 ἐτράπετο
681 2853 918 2888 MSPLELat
1049 2856 1090 2888 20
1115 2853 1365 2897 ἐπεισιόντας]
1389 2853 1574 2891 ἐπιόντασ
1597 2854 1662 2890 RO

89 2904 250 2951 ἀπιέναι]
275 2909 330 2944 ed.
355 2919 410 2954 pr.
437 2902 587 2944 οἷπεῖναι
613 2909 715 2943 codd.
742 2909 842 2943 abire
864 2909 937 2944 Lat
1016 2904 1245 2947 κελεύοντοσ
1269 2911 1309 2945 Μ
1392 2913 1430 2945 21
1459 2907 1604 2958 Ἰούδην]
1628 2906 1753 2959 ιῖώδην

86 2965 118 3000 L
143 2964 232 3000 hz'ucl
253 2964 326 3000 Lat
349 2964 409 2999 hic
434 2966 471 2999 et
492 2964 591 2999 infra
683 2965 721 3002 δὲ
745 2965 784 2999 Μ

1791 401 1869 443 187

1793 806 1869 848 188

1790 1009 1868 1050 189

1789 1211 1868 1252 190

1789 1413 1863 1453 191

1789 1685 1868 1725 192
