2170 3475
333 215 451 250 LVIII
1064 210 1258 245 Praefatio.

337 343 445 384 quae
489 340 638 382 graece
681 326 741 366 sic
781 328 928 365 extant
966 324 1141 378 scripta:
1181 319 1280 364 οὔτε
1318 321 1394 364 τὸν
1434 321 1718 376 Βαβυλώνιον
1757 321 1820 365 ἔτι
1863 318 1995 365 αἰτὸν

338 395 603 450 πολε,ιιι,’σειι’
633 393 704 433 καὶ
735 388 836 439 τοὶ-ς
867 386 1120 445 ὁμοφύλους
1151 387 1250 432 οῖ”τε
1283 385 1544 445 ἀναστήσειν
1575 388 1619 431 ἐκ
1649 392 1724 446 τῆς
1747 389 1912 440 οἰκείας
1934 389 1996 441 εἷς

337 463 413 520 τήν
447 460 686 514 Βαβυλῶνα
725 455 835 510 μετὰ
876 455 1056 498 πάντων
1098 456 1144 498 δὲ
1185 452 1300 513 ἥξειν
1338 459 1425 499 τῶν
1459 458 1537 498 τοῦ
1576 459 1682 499 ναοῦ
1722 460 1884 500 σκευῶν
1917 463 1994 502 eto.

341 543 446 583 quae
477 541 568 570 cum
601 530 794 579 corrupta
824 524 925 577 sint,
956 530 1134 578 apparet
1163 538 1216 567 ex
1247 526 1397 568 Latino
1429 524 1733 567 restituendum
1764 539 1857 568 esse
1887 523 1995 580 ὃμο-

338 593 517 654 (pilot-g,
559 592 632 643 οὓς
674 589 958 648 ἀναστήσειεν
991 615 1043 620 -
1075 590 1186 644 μετὰ
1227 592 1406 635 πάντων
1440 587 1627 648 ἀνήξειν.
1688 593 1817 635 etiam
1846 594 1871 645 ξ
1906 596 1996 647 119,

339 665 409 707 ubi
440 661 604 705 codices
634 661 773 714 graeei
804 661 1083 715 κατῃτιῶντο,
1116 665 1190 702 aut
1220 662 1292 702 καὶ
1323 655 1509 716 ᾐτιῶντο
1542 659 1700 702 habent
1724 660 1860 703 solum
1885 660 1998 714 quod

337 732 512 774 Latinus
542 729 672 772 habet
697 728 923 783 poscebant
948 728 1125 783 probum
1156 731 1232 779 est,
1264 727 1377 781 quod
1407 728 1450 769 in
1481 728 1644 781 graecis
1674 727 1803 770 fuisse
1834 727 1999 770 uidetur

338 801 424 841 fere
457 792 622 853 ιῖξίοωη
655 797 804 840 eodem
826 797 917 839 loeo
946 791 1123 836 ἀπειλεῖ
1153 796 1354 838 librorum
1385 808 1633 850 graecorum
1664 794 1785 836 nihili
1816 799 1891 847 est,
1922 795 2000 837 sed

337 865 476 908 Latini
513 871 698 904 moneret
735 864 970 907 sententiae
1011 863 1186 917 suffieit,
1227 876 1351 916 quem
1392 867 1559 906 secutus
1599 861 1789 918 παρῄνει
1828 862 1999 917 conieci,

338 934 406 977 uel
437 933 472 975 si
502 939 712 983 παραινεῖ
742 931 889 974 mauis.
935 933 959 983 ξ
996 933 1065 971 121
1103 931 1245 987 ,τηλοῦ
1276 930 1434 985 optime
1466 944 1519 973 ex
1549 930 1789 984 interpretis
1821 930 1906 970 luto
1936 943 1999 973 re-

339 1001 471 1044 stituit
493 999 681 1053 Coeeeji3
712 999 853 1052 graeci
877 998 1033 1041 habent
1054 998 1271 1055 πλήθοι-ς.
1309 1002 1334 1051 ξ
1365 1001 1438 1040 125
1462 997 1668 1053 δεδομένῃ
1703 1011 1756 1040 ex
1777 998 2001 1041 latinorum

340 1068 436 1109 data
458 1065 763 1110 restituendum
785 1070 866 1119 est;
891 1080 989 1108 nam
1012 1067 1137 1108 etiam
1162 1067 1229 1109 hie
1251 1072 1442 1120 corrupte
1463 1065 1605 1120 graeei
1627 1065 1846 1120 λεγομένη.
1881 1079 2000 1121 prae-

339 1143 453 1178 terea
484 1133 736 1177 monendum
767 1138 842 1187 est,
874 1134 917 1175 id
949 1134 1062 1186 quod
1092 1135 1177 1177 iam
1208 1147 1336 1188 supra
1366 1134 1498 1187 tetigi,
1530 1134 1637 1176 libro
1659 1133 1723 1174 IX
1755 1133 1891 1175 solum
1922 1133 2002 1176 La-

339 1204 468 1245 tinum
491 1201 688 1256 passim1)
720 1214 912 1244 seruasse
943 1214 1088 1243 uerum
1104 1205 1136 1255 2)
1158 1216 1310 1245 nomen
1339 1202 1450 1256 regis
1473 1202 1623 1256 Syriae
1643 1199 1854 1254 Adadum‚
1889 1199 2002 1254 quod

340 1272 381 1312 in
413 1270 627 1313 codicibus
657 1269 820 1323 graecis
851 1269 1084 1310 litterarum
1115 1282 1328 1312 sacrarum
1359 1270 1609 1312 auctoritate
1639 1269 1682 1310 in
1712 1264 1838 1322 Ἄδερ
1871 1273 2002 1311 muta-

339 1346 424 1381 tum
459 1346 532 1381 est.

453 1408 543 1448 Iam
575 1419 673 1448 uero
705 1404 746 1446 in
778 1409 986 1459 apparatu
1018 1404 1162 1446 critico
1199 1403 1487 1458 componendo
1519 1404 1760 1458 interpretis
1796 1403 1917 1445 latini
1946 1403 2007 1446 ita

342 1475 545 1517 rationem
568 1473 808 1516 habendam
831 1485 923 1515 esse
945 1471 1199 1525 existimaui,
1222 1478 1267 1513 ut
1288 1484 1339 1515 ea
1361 1484 1637 1514 memorarem
1659 1485 1768 1526 quae
1790 1472 1832 1514 in
1853 1484 2005 1526 graeco

345 1542 575 1597 exemplari
615 1541 736 1583 aliter
769 1541 924 1595 scripta
962 1538 1175 1582 inuenisse
1214 1539 1437 1582 uideretur.
1499 1553 1629 1594 quare
1660 1553 1711 1581 ea
1743 1552 1850 1593 quae
1881 1539 2007 1581 inter-

343 1611 471 1665 pretis
510 1613 606 1651 sunt
647 1608 816 1664 propria
853 1619 1046 1661 quaeque
1083 1620 1159 1650 suo
1198 1607 1365 1661 ingenio
1409 1606 1632 1662 indulgens
1663 1612 1735 1649 aut
1767 1606 1907 1648 omisit
1936 1612 2009 1649 aut

345 1678 499 1720 adiecit
529 1683 602 1720 aut
633 1676 809 1718 mutauit
840 1676 1088 1730 plerumque
1127 1689 1209 1718 non
1239 1675 1402 1728 curaui,
1443 1675 1525 1717 nisi
1555 1688 1664 1728 quae
1705 1673 1761 1716 ad
1792 1674 1881 1717 eius
1912 1688 2009 1717 aue-

345 1753 477 1788 torem
508 1758 703 1800 graecum
734 1744 943 1799 pertinere
980 1743 1243 1796 uiderentur,
1285 1755 1368 1796 qua
1404 1743 1447 1785 in
1489 1757 1533 1785 re
1574 1743 1753 1785 ducibus
1789 1754 1887 1784 usus
1917 1754 2010 1784 sum

349 1815 531 1856 maxime
570 1813 686 1854 libris
725 1811 899 1866 graecis.
962 1812 1094 1853 multa
1129 1817 1269 1853 tamen
1299 1811 1436 1852 adieci
1467 1816 1539 1852 aut
1569 1809 1772 1864 ambigua
1804 1814 1876 1852 aut
1906 1810 2011 1852 talia

347 1895 455 1935 quae
485 1881 540 1924 ad
570 1880 808 1935 interpretis
844 1879 1057 1932 ingenium
1094 1877 1431 1932 cognoscendum
1474 1878 1594 1920 utilia
1633 1890 1723 1919 esse
1756 1880 1927 1931 possent
1967 1882 2010 1919 et

349 1950 552 2004 imprimis
582 1948 750 1991 nomina
782 1947 879 1990 dedi
911 1960 1038 2001 quam
1059 1946 1250 2000 plurima.
1303 1946 1495 1999 quamuis
1517 1946 1642 2000 igitur
1663 1945 1703 1986 in
1737 1944 2009 2000 excerpenda

349 2018 539 2060 uersione
569 2017 701 2058 latina
736 2017 906 2059 minime
928 2015 1076 2059 uidear
1106 2015 1235 2057 fuisse
1264 2027 1428 2069 pareus,
1462 2020 1602 2055 tamen
1632 2016 1811 2066 apparet
1843 2025 1937 2055 eam
1968 2013 2011 2054 in

349 2090 554 2141 apparatu
586 2084 730 2126 critico
761 2098 843 2127 non
873 2084 934 2126 ita
964 2083 1177 2127 exhauriri
1207 2082 1417 2137 potuisse,
1458 2086 1502 2122 ut
1532 2093 1615 2122 non
1655 2092 1783 2134 saepe
1814 2079 2012 2122 adeunda

350 2155 431 2196 sint
452 2155 545 2208 ipsa
567 2152 804 2206 interpretis
827 2152 1052 2194 uolumina.
1095 2164 1204 2204 quae
1225 2150 1385 2193 utinam
1408 2154 1549 2191 essent
1571 2148 1745 2190 meliora
1771 2152 1811 2190 et
1842 2147 2013 2190 maioris

347 2221 466 2273 fidei;
508 2220 648 2263 omnia
685 2220 795 2262 enim
832 2232 885 2262 ex
927 2220 1043 2262 libris
1085 2219 1290 2273 corruptis
1323 2222 1363 2259 et
1394 2216 1658 2271 interpolatis
1691 2215 1885 2258 deriuata
1915 2219 2012 2258 sunt

348 2290 511 2344 ipsique
543 2288 708 2331 codices
731 2288 858 2329 etiam
880 2288 1045 2341 antiqui
1066 2300 1195 2341 saepe
1216 2290 1311 2328 sunt
1332 2298 1480 2340 parum
1503 2283 1726 2326 emendati.
1779 2283 1821 2325 id
1846 2296 2013 2337 quoque

350 2356 600 2400 monendum
640 2362 704 2398 est
744 2355 1050 2410 exemplarium
1089 2355 1387 2408 impressorum
1429 2353 1588 2395 nullum
1628 2352 1719 2393 usui
1761 2364 1853 2394 esse
1886 2364 2012 2406 posse

351 2425 453 2466 citra
485 2424 708 2467 editionem
743 2437 848 2476 eam,
881 2436 990 2476 quae
1014 2422 1206 2464 Basileae
1229 2421 1385 2476 prodiit
1410 2421 1524 2475 apud
1546 2421 1603 2462 Io.
1628 2419 1882 2461 Frobenium
1902 2432 2013 2462 anno

350 2492 600 2534 MDXXlllI
624 2505 766 2534 mense
788 2491 1041 2547 Septembri,
1074 2503 1166 2532 eum
1189 2495 1284 2544 post
1306 2489 1412 2531 hane
1436 2487 1591 2530 editam
1615 2488 1746 2529 latina
1775 2500 1827 2529 ex
1848 2486 2013 2541 graecis

353 2560 595 2614 interpolari
628 2566 779 2614 coepta
809 2559 902 2601 sint.
965 2559 1070 2601 haee
1100 2562 1241 2600 autem
1264 2556 1519 2598 Basileensis
1551 2556 1735 2598 omnium
1766 2554 1937 2608 optima,
1971 2558 2015 2596 ut

355 2628 394 2668 in
429 2627 502 2668 tali
534 2641 599 2680 re,
641 2626 837 2669 habenda
877 2630 962 2680 est;
1009 2631 1153 2669 contra
1185 2624 1313 2666 editio
1356 2624 1573 2678 prinecps,
1616 2636 1724 2676 quae
1762 2635 1871 2664 anno
1912 2624 2014 2663 1470

356 2696 569 2747 Augustae
592 2694 901 2737 Vindelicorum
935 2694 1103 2749 prodiit,
1136 2699 1176 2735 et
1208 2693 1393 2744 reliquae
1426 2705 1477 2733 ex
1511 2704 1561 2733 ea
1587 2691 1774 2732 maxime
1795 2689 2014 2733 deriuatae

357 2763 485 2804 multo
518 2763 688 2804 minoris
719 2768 815 2805 sunt
847 2761 1080 2804 habendae.
1141 2773 1248 2814 quae
1290 2773 1383 2801 cum
1424 2759 1481 2800 ita
1523 2759 1605 2800 sint
1643 2772 1723 2801 non
1755 2764 1895 2812 potest
1932 2771 2014 2800 non

472 2922 498 2958 1)
525 2918 624 2953 uelut
651 2919 699 2953 lx
727 2923 778 2953 32.
817 2924 1007 2962 utrumque
1032 2917 1119 2952 (ulcr
1144 2917 1208 2961 qni
1230 2923 1262 2950 ct
1288 2915 1428 2950 “dadas
1454 2915 1501 2948 IX
1530 2918 1570 2948 hl
1598 2918 1708 2949 extat.

469 2978 500 3010 2>
527 2973 608 3007 uide
636 2975 699 3008 v11
733 2979 877 3018 loosqq.
905 2974 990 3009 VIII
1016 2978 1165 3016 3¹illsq11.
