2091 3418
569 196 728 241 ANTIQ.
757 197 850 232 IUD.
877 197 907 232 v
933 199 1110 232 παι-329
1135 198 1228 239 (1x2.
1246 199 1275 233 a)
1670 193 1749 230 355

96 327 222 370 ρησιν
251 314 327 369 τῆς
358 312 582 367 πενθερᾶς
612 307 636 366 ἡ
664 307 833 368 Ῥούθη,
865 306 990 361 ὅπως
1018 312 1185 367 τροφῆς
1216 305 1466 363 εὐποροῖεν,
1505 309 1577 350 καὶ
1609 306 1671 357 εἰς
1699 305 1748 349 τὸ

96 379 275 432 Βοώζου
296 383 482 434 τιχαίως
505 374 751 436 ἆφικιεῖιαι
773 397 947 435 χωριον.
997 377 1352 434 παραγενόμειος
1385 377 1427 418 ὸὲ
1455 375 1621 427 Βόαζος
1651 370 1747 429 μετ’

96 443 244 504 ὀλίγον
274 449 347 491 καὶ
377 445 656 501 θεασάμενος
686 446 763 504 ιιΙν
795 447 924 504 κόρην
955 442 1151 502 ἀνέκρινε
1173 444 1249 488 τὸν
1285 440 1528 521 ἀγροκόμον
1550 445 1651 498 περὶ
1674 445 1751 500 τῆς

97 515 273 566 παιδός.
339 512 360 557 ὃ
403 514 449 557 δὲ
486 532 640 571 μικρον
681 515 939 571 ἔμπροσθεν
978 510 1086 570 γ’ταρ
1123 509 1255 571 altis·
1296 508 1473 555 άπαντα
1513 527 1674 567 προπε
1665 528 1749 553 :w-

97 587 253 639 σμένος
283 582 437 638 εόηλου
467 585 529 639 w]
562 583 655 626 dm
641 583 768 640 ιότιΙ.
829 581 850 626 ὁ
893 583 939 626 δὲ
974 585 1051 639 τῆς
1081 583 1183 636 ι’·ιερὶ
1214 599 1292 638 την
1322 578 1547 634 πενθερὰν
1579 575 1750 630 ευνοίας

96 647 188 706 ἅμα
216 652 289 694 καὶ
319 650 489 708 μνήμης
518 654 593 694 τοῦ
626 651 790 702 παιδὸς
822 647 953 708 αύτης
983 646 1017 706 (ᾗ
1051 645 1296 706 συνῴκησεν
1334 645 1650 701 ἀσπασάμενος
1679 648 1751 689 καὶ

96 715 329 774 εὐξάμενος
361 715 468 776 αὐτῇ
498 728 658 774 πεῖραν
681 717 864 774 άγαθιῦν
885 719 1173 772 καλαμᾶσθαι
1196 718 1274 771 μὲν
1303 712 1434 772 αύτην
1458 711 1532 758 ούκ
1553 712 1750 771 ἠξίωσεν,

93 786 288 844 θερίζειν
321 787 367 829 δὲ
399 789 489 830 πᾶν
521 783 544 829 ὅ
575 804 619 830 τι
648 789 719 830 καὶ
765 786 942 829 δύναιτο
973 787 1045 828 καὶ
1078 785 1317 839 λαμβάνειν
1348 783 1579 840 ἐπιτρέπει
1611 797 1752 838 προσ-

94 855 230 907 τάξας
266 858 329 911 τῷ
372 850 602 911 α’γροκόμῳ
640 855 775 912 μηδὲν
815 850 948 911 αὐτὴν
980 853 1236 897 διακωλύειν
1268 852 1528 907 λαμβάνειν,
1572 849 1752 904 ἄριστόν

92 939 142 966 τε
170 926 377 978 παρέχειν
401 918 507 979 αὐτῇ
529 924 601 966 καὶ
623 922 775 974 ποτόν,
807 919 945 965 ὁπότε
974 921 1134 974 σιτίζοι
1154 921 1255 972 τοὺς
1275 920 1547 977 θερίζοντας.
1593 916 1750 974 Ῥούθη

96 990 143 1033 δὲ
174 987 341 1048 ἄλφιτα
372 992 568 1045 λαβοῦσα
600 986 711 1046 παρ’
739 986 871 1033 αἰτοῦ
903 989 1090 1048 ἐφύλαξε
1120 991 1172 1046 τῇ
1203 988 1334 1046 ἑκυρᾷ
1373 990 1446 1031 καὶ
1477 989 1624 1043 παρῆν
1664 982 1751 1042 ὀψὲ

93 1058 332 1112 κομίζουσα
369 1057 478 1113 μετὰ
518 1061 606 1101 τῶν
649 1055 866 1112 σταχύων·
908 1054 1153 1115 ἐτετηρήκει
1195 1053 1234 1099 δ’
1263 1052 1371 1113 αὐτῇ
1411 1058 1483 1099 καὶ
1514 1053 1537 1112 ἡ
1573 1054 1752 1109 Ναάμις

95 1122 348 1182 ἀπομοίρας
367 1126 613 1182 βρωμάτων
634 1129 777 1178 τινιῦν,
802 1126 867 1177 οἷς
894 1122 1026 1182 αύτὴν
1049 1124 1327 1181 ἐπολυώρουν
1349 1125 1391 1167 οἱ
1412 1123 1750 1180 γειτονεύοντες·

95 1195 310 1251 διηγεῖται
343 1194 390 1236 δὲ
422 1189 531 1250 αὐτῇ
561 1195 632 1236 καὶ
663 1193 717 1236 τὰ
760 1193 882 1248 παρὰ
913 1196 990 1236 τοῦ
1021 1192 1191 1245 Βοάζου
1223 1191 1336 1249 πρὸς
1368 1188 1500 1249 αὐτὴν
1532 1191 1750 1249 εἰρημένα.

46 1271 58 1278 “
94 1261 354 1319 δηλωσάσης
385 1256 426 1304 δ’
453 1260 616 1318 ἐκείνης
647 1259 706 1312 (ὃς
743 1262 947 1318 συγγενής
987 1261 1081 1304 ἐστι
1110 1263 1182 1304 καὶ
1212 1260 1323 1314 τάχα
1354 1253 1406 1303 ὂν
1438 1256 1499 1303 (δι’
1526 1255 1751 1314 εύσέΙ”)ἐιαν

94 1328 383 1386 προνοήσειεν
416 1324 570 1382 αὐτῶν,
603 1329 719 1386 ἐξῄει
749 1330 886 1373 πάλιν
916 1338 1014 1380 ταῖς
1046 1328 1270 1383 ἐχομέναις
1298 1326 1482 1385 ἡμέραις
1513 1326 1587 1370 ἐπὶ
1618 1326 1751 1370 καλά-

93 1414 177 1454 μης
208 1396 420 1454 συλλογὴν
452 1396 528 1440 σὺν
558 1405 656 1448 ταῖς
688 1397 857 1450 Βοάζου
887 1401 1221 1453 θεραπαινίσιν.

209 1469 248 1510 3.
274 1461 444 1509 Ἐλθών
474 1481 521 1508 τε
550 1460 648 1520 μετ’
676 1461 724 1508 οὗ
757 1464 927 1516 πολλὰς
956 1463 1121 1522 ἡμέρας
1150 1467 1223 1508 καὶ
1250 1464 1414 1516 Βόαζος
1444 1460 1525 1521 ἤδη
1553 1465 1629 1518 τῆς
1658 1479 1751 1516 κρι-

93 1536 182 1591 θῆς
222 1535 534 1591 λελικμημένης
581 1531 656 1576 ἐπὶ
694 1536 771 1589 τῆς
810 1529 954 1584 ἅλωος
993 1532 1217 1576 ἐκάθευδε.
1285 1534 1414 1576 τοῦτο
1453 1534 1686 1588 πυθομένη
1726 1527 1751 1587 ἡ

10 1623 15 1633 ·
36 1624 44 1635 „
94 1602 275 1657 Ναάμις
289 1604 494 1656 τεχνᾶται
514 1603 896 1658 παρακατακλῖναι
913 1601 990 1658 τὴν
1009 1599 1190 1659 Ῥούθην
1214 1596 1329 1657 αὐτῷ
1343 1614 1352 1621 ·
1374 1599 1544 1656 καὶγὰρ
1566 1599 1754 1642 ἔσεσθαι

90 1669 280 1728 χρηστὸν
303 1666 456 1720 αὐταῖς
476 1666 748 1725 ὁμιλήσαντα
766 1672 818 1726 τῇ
840 1670 990 1714 παιδί·
1013 1671 1084 1713 καὶ
1108 1673 1279 1725 πέμπει
1299 1668 1377 1726 τὴν
1397 1667 1527 1724 κόρην
1548 1665 1753 1710 ὑπνωσο-

93 1742 225 1795 μένην
267 1733 401 1781 αὗτοῦ
438 1736 562 1793 παρὰ
593 1746 687 1788 τοῖς
727 1742 875 1781 ποσίν.
934 1735 959 1794 ἡ
993 1738 1060 1790 δέ,
1102 1737 1215 1793 πρὸς
1246 1733 1371 1780 οὐδὲν
1400 1735 1482 1792 γὰρ
1514 1731 1752 1790 ἀντιλέγειν

92 1808 179 1849 τιῦν
217 1802 306 1849 ὗπὸ
347 1808 424 1862 τῆς
461 1805 615 1862 ἑκυρᾶς
654 1807 946 1860 κελευομένων
988 1801 1112 1849 ὅσιον
1150 1803 1318 1862 ἡγεῖτο,
1359 1808 1651 1860 παραγίνεται
1680 1805 1753 1846 καὶ

94 1877 345 1931 παραυτίκα
383 1874 463 1928 μὲν
502 1873 718 1917 λανθάνει
754 1873 830 1917 τὸν
862 1873 1031 1926 Βόαζον
1068 1876 1250 1929 βαθέως
1288 1870 1636 1924 καθυπνωκότα,
1674 1887 1753 1913 πε-

205 1978 225 2019 §
251 1978 317 2011 324
341 1991 384 2004 =
409 1975 509 2011 Ruth
532 1952 571 2010 fi
593 1978 623 2010 2.

208 2067 672 2105 ROMSPLELatZonaras
696 2067 714 2102 I
737 2078 773 2112 p.
800 2070 843 2101 94
854 2042 924 2111 sq?

207 2128 222 2159 1
249 2121 399 2171 *ῥουθὴ
424 2124 456 2158 L
585 2119 800 2169 εὐποροῖεν]
827 2122 969 2166 Cocceji
995 2118 1190 2168 εὖπορῶεν
1212 2121 1349 2157 ROML
1375 2116 1586 2166 εὖποριῦιεν
1609 2119 1663 2156 SP

94 2183 114 2215 2
143 2177 307 2224 Βοώζου]
339 2177 484 2226 βοόζου
508 2179 614 2213 MLE
643 2177 791 2223 βοάζου
815 2178 867 2214 SP
1004 2191 1149 2223 τυχεωσ
1174 2179 1212 2212 Μ
1349 2175 1536 2221 *Βόαζος1
1567 2174 1691 2222 βόζοσ
1713 2176 1753 2211 Μ

93 2233 243 2284 βόοζοσ
265 2235 296 2269 L
321 2234 411 2269 booz
437 2234 509 2269 Lat
611 2237 631 2269 6
657 2235 878 2280 συνοίκησεν
902 2233 1039 2268 ROML
1142 2230 1453 2278 *α’σπασάμενος]
1478 2228 1753 2277 α’σπασάμενοσ

94 2289 161 2338 τὴν
184 2288 304 2336 κόρην
328 2289 381 2324 SP
474 2293 492 2323 ‘a'
520 2284 625 2334 αὐτῇ]
650 2285 767 2326 αὐτοῦ
790 2289 822 2324 L
905 2285 1039 2335 ἠξίωσε
1064 2289 1264 2326 RO2S²P2L
1349 2294 1368 2325 9
1394 2286 1613 2336 λαμβάνειν]
1639 2288 1751 2323 om.L

96 2348 221 2384 tollere
243 2347 315 2382 Lat
431 2349 471 2381 10
495 2345 714 2393 *παρέχειν]
733 2345 906 2391 praebuit
930 2346 1002 2381 Lat
1116 2345 1264 2393 *ῥουθὴ
1288 2347 1319 2381 L
1426 2349 1463 2380 11
1491 2346 1540 2387 δὲ]
1565 2345 1604 2382 τὲ
1628 2345 1661 2379 Ε

94 2399 252 2446 *αὖτοῦ,
279 2405 322 2439 οῦ
345 2413 390 2438 ex
414 2404 468 2438 ὦν
490 2413 580 2438 corr.
606 2402 640 2438 R
745 2404 785 2436 12
809 2397 1009 2448 άσταχύων
1032 2403 1064 2437 Ε
1163 2403 1202 2440 δὲ
1225 2403 1326 2437 MPL
1419 2400 1578 2446 Ναάμις]
1604 2399 1752 2447 ναάμησ

96 2461 125 2496 Ο
150 2462 282 2504 νοεμὶσ
305 2459 358 2495 SP
384 2461 519 2501 νοομὶσ
543 2459 573 2493 L
598 2458 720 2493 naami
743 2458 815 2493 Lat
938 2461 976 2493 13
1001 2455 1221 2506 ἀπόμοιραν
1244 2459 1275 2494 L
1292 2463 1438 2505 partem
1461 2459 1533 2493 Lat
1648 2461 1689 2492 14
1714 2454 1752 2493 δ’

95 2516 256 2553 MSPLE
349 2512 466 2560 παρὰ]
492 2517 578 2561 περὶ
601 2514 634 2549 Ε
731 2511 879 2560 βοόζου
901 2515 1007 2549 MLE
1031 2515 1120 2550 booz
1145 2526 1284 2561 semper
1306 2515 1378 2551 Lat
1479 2519 1518 2549 15
1545 2510 1750 2561 εὐσέβειαν]

95 2569 296 2620 εὐλάβειαν
319 2571 438 2608 ROSP
534 2573 574 2605 16
598 2574 691 2614 ταῖς]
716 2576 803 2606 ταῖσ
827 2573 895 2606 τοῦ
919 2571 1045 2606 MSPL
1139 2575 1178 2607 17
1204 2570 1350 2619 βοόζου
1369 2571 1548 2606 MLELat
1638 2574 1750 2616 θερα-

96 2631 254 2672 πενίσιν,
279 2643 297 2667 ε
321 2640 368 2664 ex
393 2643 429 2664 αι
455 2638 547 2663 corr.
573 2627 612 2662 M
727 2630 766 2662 18
792 2630 844 2668 τε]
870 2626 907 2663 δὲ
931 2627 963 2662 Ε
989 2633 1107 2663 atacem
1131 2628 1204 2664 Lat
1308 2626 1459 2675 βόοζοσ
1483 2626 1662 2662 MLELat

97 2689 138 2722 19
163 2685 436 2732 λελικμημένης]
464 2684 750 2730 -λελικμημὲνησ
775 2683 798 2719 S
822 2682 1108 2730 ε’λελικμημένησ
1131 2685 1160 2719 Ρ
1239 2679 1388 2722 ἅλωνοσ
1406 2684 1469 2719 ΟΕ
1544 2683 1749 2729 πυθομένη]

95 2742 339 2789 πυθανομένη
363 2742 441 2785 (sic)
466 2741 495 2776 Ο
626 2743 667 2775 20
693 2738 852 2785 Ναάμις]
880 2737 1027 2787 ναάμησ
1051 2741 1080 2776 Ο
1106 2743 1239 2786 νεαμὶσ
1262 2741 1302 2775 Μ
1327 2742 1457 2785 νοεμὶσ
1481 2740 1534 2776 SP
1559 2742 1695 2783 νοομὶσ
1718 2739 1750 2773 L

95 2801 235 2845 νααμὶσ
257 2799 290 2833 Ε
427 2799 796 2843 *παρακατακλῖναι]
829 2798 1174 2844 παρακατακλίνειν
1203 2797 1335 2832 SPZon
1364 2799 1694 2843 παρακαταθεῖναι
1720 2795 1749 2830 Ο

94 2857 415 2901 παρακαταθῆναι
438 2855 471 2890 R
495 2865 574 2889 cum
599 2858 674 2896 (ιό)
689 2874 731 2878 -
745 2854 925 2889 collocare
947 2853 1019 2888 Lat
1111 2856 1151 2889 21
1177 2849 1351 2895 *αὐταῖς]
1376 2847 1510 2889 αὖτοῖσ
1533 2851 1659 2887 MSPL

94 2908 400 2958 *ὕπνωσομένην,
427 2924 448 2947 ο
473 2922 518 2946 ex
535 2925 565 2947 ω
591 2920 684 2946 corr.
698 2910 750 2946 SP
775 2907 1069 2956 ὑπνωσσομένην
1086 2909 1116 2944 L
1186 2912 1227 2944 23
1252 2907 1393 2954 ἐκυρᾶσ
1417 2908 1520 2944 codd.
1590 2911 1634 2943 24
1656 2906 1749 2956 βόο-

94 2970 162 3014 ζον
183 2968 328 3004 MLLat

1399 3023 1469 3056 23*

1782 580 1863 621 325

1783 921 1863 962 326

1784 1261 1862 1301 327

1784 1464 1863 1505 328

1784 1736 1864 1777 329
