2170 3475
369 233 488 269 LXVI
1103 230 1301 266 Praefatio.

371 361 449 390 nee
489 347 611 388 aliter
651 345 889 387 Marcianus
929 346 1009 386 380
1027 344 1078 398 ¹),
1122 345 1203 388 nisi
1243 344 1357 398 quod
1394 358 1487 387 eum
1527 345 1568 386 M
1608 344 1782 386 exhibet
1820 344 2037 399 λεγομένω

371 417 536 469 γασίωιΥ
565 411 759 466 Ιὅοὶβελοσ
789 418 830 455 et
862 411 1017 467 ἷλανῆσ
1048 420 1089 455 et
1121 411 1143 468 ἢ
1186 413 1258 454 νῦν
1285 410 1427 466 χώρα,
1469 424 1578 464 quae
1607 412 1652 454 in
1682 412 1964 455 Laurentiano
1995 416 2039 456 et

372 482 556 525 editione
586 480 776 535 principe
807 493 861 523 ex
892 481 1132 523 coniectura
1162 483 1325 522 mutata
1355 492 1448 522 esse
1475 484 1666 534 apparet.
1718 479 1848 522 ethic
1869 492 2038 533 quoque

372 544 698 603 ἆσιωγγάβερος
729 562 782 590 ex
812 548 1006 591 uersione
1036 549 1169 590 latina
1199 552 1409 602 sumptum
1431 560 1526 589 esse
1546 545 1726 599 uidetur,
1757 547 1874 589 cuius
1895 559 2036 590 exem—

371 617 508 672 plaria
537 616 743 671 impressa
773 616 914 658 omnia
946 614 1191 668 asz‘onqaber
1222 621 1294 658 aut
1324 613 1627 670 asyonynber‘2)
1660 613 1873 657 exhibent.
1932 614 2040 658 haec

371 698 471 728 uero
511 682 764 738 similitudo,
810 696 918 736 quae
955 684 1063 726 inter
1093 684 1423 726 Laurentianum
1464 688 1505 723 et
1535 682 1876 725 Escorialensem
1910 682 2036 726 inter-

373 752 523 795 cedere
554 751 743 804 uidetur,
780 751 891 793 unde
923 756 1015 794 orta
1045 752 1098 794 sit
1129 751 1299 793 decerni
1330 765 1412 793 non
1443 755 1584 803 potest
1613 751 1859 805 priusquam
1889 750 1933 793 in
1961 751 2038 793 Es-

373 820 648 864 corialensem
680 818 826 862 dedita
856 832 986 873 opera
1016 819 1268 871 inquiratur,
1300 831 1436 870 neque
1467 818 1578 859 enim
1609 818 1782 872 scimus,
1814 823 1950 861 utrum
1988 832 2041 862 ea

374 901 483 943 quae
515 902 568 930 ex
599 887 783 929 editione
814 886 1002 941 principe
1033 887 1154 928 attuli
1185 899 1239 928 ex
1269 885 1555 927 Eseorialensi
1584 885 1717 939 petita
1754 886 1859 939 sint,
1898 898 1954 928 an
1984 887 2040 928 ab

372 955 544 999 Arlenio
585 954 785 997 diuinata.
855 957 895 996 et
944 953 1023 996 hoc
1062 954 1097 995 si
1134 953 1405 1008 probabitur,
1443 953 1772 995 Laurentianum
1812 966 1908 996 cum
1945 954 2041 1008 ipsa

374 1022 558 1067 editione
597 1022 780 1064 maxime
827 1021 1054 1064 cohaerere
1093 1034 1267 1063 neeesse
1308 1026 1384 1062 est.
1432 1024 1617 1062 ceterum
1659 1020 1715 1062 ad
1752 1033 1803 1064 ea
1842 1035 2040 1076 prouer

374 1105 483 1145 quae
514 1091 567 1133 de
598 1104 649 1132 ea
679 1089 861 1132 editione
891 1090 998 1130 infra
1029 1088 1230 1131 dicentur.

487 1159 716 1211 Postquam
748 1156 939 1200 codicum
971 1157 1038 1210 egi
1069 1170 1301 1210 recensum,
1333 1156 1386 1197 dc
1407 1156 1681 1210 scriptoribus
1708 1155 1931 1199 dicendum
1964 1161 2040 1210 est,

377 1226 448 1279 qui
469 1226 638 1280 Iosephi
671 1226 785 1268 locos
818 1224 1024 1279 quosdam
1055 1229 1128 1265 aut
1159 1229 1354 1266 accurate
1377 1223 1688 1278 descripserunt
1718 1229 1792 1266 aut
1822 1237 2039 1279 excerpse-

376 1297 482 1347 runt,
515 1294 586 1347 qui
617 1306 710 1334 cum
742 1293 934 1348 plerique
966 1291 1183 1334 codicibus
1214 1292 1368 1334 nostris
1398 1291 1529 1333 multo
1561 1291 1644 1333 sint
1665 1292 1936 1346 antiquiores,
1967 1291 2038 1334 do—

376 1375 469 1405 cere
501 1366 676 1414 possunt
707 1373 815 1413 quae
837 1361 961 1402 fuerit
983 1359 1154 1413 Iosephi
1185 1359 1375 1402 condicio
1407 1364 1504 1401 ante
1527 1357 1696 1402 codices
1727 1360 2039 1414 conscriptos.3)

377 1435 502 1483 atque
535 1429 720 1470 omnium
759 1428 930 1481 quidem
966 1427 1285 1480 antiquissimus
1316 1426 1524 1469 Eusebius
1562 1428 1780 1481 complura
1814 1428 1945 1470 uerba
1974 1427 2038 1470 Io-

375 1497 496 1552 sephi
529 1510 582 1538 ex
614 1496 679 1538 his
707 1497 1003 1549 antiquitatum
1034 1496 1152 1537 libris
1183 1495 1421 1537 accuratius
1452 1494 1676 1548 descripsit
1705 1495 1747 1536 in
1779 1495 2041 1538 demonstra-

375 1566 488 1607 tione
520 1570 561 1607 et
593 1566 635 1606 in
666 1564 990 1618 praeparatione
1021 1563 1280 1617 euangelica,
1318 1562 1361 1603 in
1393 1562 1590 1604 chronico
1623 1568 1665 1604 et
1696 1563 1739 1604 in
1769 1564 2040 1606 onomastieo.

377 1645 470 1675 eum
500 1631 684 1673 Eusebio
715 1636 856 1673 autem
888 1631 1106 1674 commode
1138 1631 1331 1684 coniungi
1361 1634 1538 1685 possunt
1569 1630 1697 1672 ceteri
1729 1630 2042 1686 chronographi

376 1699 792 1754 chronographisque
831 1699 1012 1751 similes,
1053 1698 1123 1751 qui
1161 1701 1234 1740 aut
1264 1698 1448 1740 Eusebio
1491 1698 1556 1740 usi
1595 1704 1690 1740 sunt
1726 1703 1799 1740 aut
1826 1699 2042 1753 Africano,

378 1781 431 1810 ex
453 1767 605 1821 quibus
637 1767 763 1809 etiam
786 1767 956 1821 Iosephi
988 1767 1101 1808 locos
1123 1766 1325 1820 plurimos
1347 1766 1577 1819 sumpsisse
1605 1766 1781 1820 putandi
1802 1772 1909 1809 sunt.
1959 1767 2042 1822 pri-

377 1849 470 1878 mus
493 1840 556 1878 est
576 1834 824 1877 Eustathius
845 1834 1129 1877 Antiochenus
1162 1834 1202 1875 in
1233 1833 1534 1876 commentario
1566 1833 1607 1875 in
1631 1834 1915 1877 hexaemeron
1945 1847 2040 1876 auc-

377 1908 467 1945 tore
505 1903 701 1945 Africano
743 1915 863 1954 usus,
910 1902 1062 1944 deinde
1103 1903 1138 1943 is
1179 1902 1250 1953 qui
1289 1901 1515 1943 chronicon
1556 1902 1758 1955 paschale
1797 1902 2043 1956 conscripsit

377 1971 546 2014 saeculo
568 1970 660 2020 VII,
684 1970 866 2022 denique
888 1970 1012 2011 homo
1038 1969 1195 2011 saeculi
1221 1969 1319 2011 VIII
1342 1969 1549 2023 Georgius
1572 1968 1805 2023 Syncellus,
1838 1969 1909 2021 qui
1932 1982 2043 2023 quae

379 2053 432 2082 ex
462 2038 642 2092 Iosepho
674 2038 815 2079 attulit
845 2036 994 2079 eadem
1027 2037 1255 2077 maximam
1296 2043 1458 2090 partem
1490 2037 1603 2091 apud
1636 2037 1864 2078 Eusebium
1897 2041 2044 2080 extant

379 2107 673 2149 extiteruntue.
734 2106 818 2146 iam
851 2118 971 2150 uero,
1014 2110 1057 2146 ut
1087 2117 1213 2159 supra
1243 2112 1298 2158 (p.
1321 2104 1485 2154 XXXI)
1519 2104 1620 2157 dixi,
1652 2105 1731 2146 soli
1763 2104 1970 2147 Eusebius
2000 2110 2043 2146 et

380 2174 603 2230 Syneellus
625 2173 735 2225 regis
756 2171 1095 2215 Nabocodrosori
1126 2185 1276 2213 nomen
1318 2179 1537 2213 scruarunt
1570 2172 1611 2213 in
1644 2173 1798 2214 nostris
1825 2171 2041 2215 codicibus

379 2242 574 2285 omnibus
604 2244 828 2293 mutatum,
870 2240 979 2283 unde
1010 2244 1186 2295 apparet
1218 2253 1360 2282 eorum
1393 2239 1559 2281 codices
1594 2240 1728 2281 minus
1759 2239 1887 2282 fuisse
1916 2240 2040 2282 inter-

379 2311 544 2366 polatos
575 2322 701 2362 quam
730 2313 906 2350 nostros.
942 2308 1055 2350 solus
1080 2307 1286 2349 Eusebius
1316 2306 1376 2347 lX
1402 2309 1482 2346 225
1503 2314 1559 2359 (p.
1579 2310 1673 2360 2314,
1691 2306 1735 2358 4)
1767 2302 1890 2361 ἡλίου
1922 2307 2041 2349 omit-

381 2379 450 2433 tit,
481 2382 592 2420 reete
624 2381 668 2418 ut
699 2375 884 2429 uidetur,
920 2374 1034 2418 idem
1066 2375 1241 2416 meliora
1274 2374 1403 2416 tradit
1436 2376 1452 2416 Ι
1490 2378 1563 2415 165
1595 2380 1651 2428 (p.
1676 2376 1741 2425 42,
1769 2375 1809 2428 1)
1840 2372 1927 2429 πρὸ
1959 2373 2043 2430 γὰρ

500 2548 527 2581 1)
554 2544 663 2578 alium
689 2546 725 2578 et
749 2543 930 2577 moliorem
956 2541 1148 2577 uerborum
1174 2541 1335 2575 ordinem
1361 2541 1397 2574 in
1422 2541 1567 2584 reliquis
1587 2541 1773 2576 codicibus
1790 2542 1886 2577 tradi
1902 2551 2042 2577 moneo.

497 2604 527 2636 ’.1)
554 2601 649 2644 quod
674 2599 930 2644 interpolatum
965 2602 1019 2633 est
1056 2609 1099 2632 cx
1137 2597 1266 2632 litteris
1303 2597 1434 2636 sacris;
1468 2607 1549 2630 uam
1585 2597 1749 2632 meliores
1783 2598 1926 2633 codices
1963 2609 2043 2633 cum

381 2657 520 2703 graccis
545 2656 671 2702 (lassate
697 2656 804 2700 ymbe!
826 2656 1011 2700 praebent.

497 2718 528 2747 3»
554 2723 680 2747 moneo
708 2717 826 2747 tamen
852 2723 923 2747 non
949 2712 1073 2746 eodem
1100 2711 1178 2745 loco
1211 2721 1288 2744 esm-
1323 2710 1537 2754 scriptorum
1567 2710 1774 2745 testimonia
1795 2721 1839 2745 ae
1864 2710 2041 2745 codicum.

384 2782 466 2806 nam
491 2769 541 2803 illi
568 2780 639 2803 non
665 2774 735 2803 tam
761 2769 797 2802 id
823 2773 952 2812 agunt,
985 2771 1025 2803 ut
1050 2766 1236 2812 scriptoris
1261 2766 1373 2800 uerba
1406 2771 1576 2800 accurate
1610 2767 1835 2809 describant,
1868 2777 1972 2811 quam
2004 2770 2045 2801 ut

383 2826 598 2863 sententiam
624 2827 794 2860 referant.
846 2836 925 2858 cum
952 2825 1060 2868 igitur
1084 2835 1106 2859 a
1131 2822 1316 2858 codicibus
1348 2822 1478 2855 nostris
1514 2823 1742 2867 discrepant,
1775 2834 1896 2857 eorum
1930 2822 2044 2858 solum

385 2883 560 2918 rationem
587 2883 787 2916 habendam
814 2893 893 2916 esse
920 2884 1084 2926 apparet,
1109 2891 1201 2925 quae
1227 2890 1269 2913 ox
1290 2879 1474 2913 codicibus
1495 2884 1574 2913 orta
1591 2892 1670 2914 csse
1689 2880 1891 2915 uideantur.
1930 2879 2043 2914 ueluti

386 2941 413 2975 si
447 2939 590 2974 nomine
615 2939 879 2978 Hebraeorum,
911 2938 947 2971 id
982 2937 1077 2982 quod
1109 2937 1316 2981 plerumque
1350 2937 1484 2970 sactum
1519 2941 1589 2972 est.
1624 2937 1670 2970 ad
1697 2936 1896 2980 exemplum
1922 2936 2044 2980 potius

380 2997 587 3031 litterarum
613 3006 795 3029 sacrarum
822 2994 986 3036 tulerunt,
1011 2994 1047 3027 id
1073 2994 1118 3028 ad
1144 2993 1334 3038 Iosephum
1362 3003 1430 3027 non
1457 2992 1624 3036 pertinet.
