2060 3475
814 246 1006 281 Praefatio.
1646 246 1706 280 Lx
1715 246 1741 279 V

79 366 104 416 ξ
133 365 212 404 225
242 376 386 405 omnes
420 360 743 404 ,t'b111'b½(cl'd‹‘7.ct.
776 359 1011 401 ὸεκαμιίντε
1039 361 1286 413 Marcianus,
1321 359 1369 401 ιε’
1395 360 1633 403 Vaticanus.
1686 374 1738 402 ex

79 429 226 474 eodem
259 430 337 472 tria
369 430 568 472 Marciani
603 428 705 471 uitia
737 431 827 470 orta
858 434 971 470 sunt:
1011 435 1034 477 ξ
1068 432 1147 469 222
1179 434 1294 470 extat
1323 423 1585 484 βαρύτητος,
1626 428 1739 480 quod

80 511 170 542 esse
201 496 326 540 debet
364 495 633 551 ,farn-uirqg,
668 500 692 547 ς’
725 498 803 536 223
846 494 1204 552 ἕκιιτιιὸειότῃτος
1237 510 1309 551 pro
1347 495 1738 551 ἐπιτηδειοτάτοις,

77 601 202 651 §226
234 594 475 653 ὁμοιότητα
508 611 580 651 pro
609 594 899 652 (igaeocoz‘ckmstq
931 612 1025 640 nam
1054 598 1094 640 in
1118 598 1152 639 V
1173 597 1329 651 scripta
1350 603 1466 639 sunt:
1495 564 1615 650 βαρῗ
1640 596 1739 640 ἔῐῑι-

151 702 155 708 .
202 668 245 708 τῖ’
337 695 348 709 ‹
438 661 479 704 τί
840 700 847 708 .
1043 699 1050 708 .
1548 695 1559 709 ς
1614 697 1621 707 x
1700 697 1707 707 .

77 699 222 756 mdccc)
257 703 297 742 et
328 716 471 752 ομοιυ.
524 712 632 751 quae
663 712 761 741 uero
794 700 915 742 ahter
945 699 1072 741 tradit
1101 711 1151 740 ac
1174 698 1220 751 V,
1252 711 1348 739 nam
1379 702 1404 747 ξ
1427 701 1507 739 223
1542 715 1625 739 csso
1653 715 1739 740 των

79 767 319 810 Χαλδαίων
362 767 490 809 habct
529 771 569 809 et
603 769 679 806 224
715 765 981 819 περιβόλαια
1013 780 1086 821 pro
1119 764 1382 820 περιβόλους
1421 769 1462 808 ct
1495 768 1573 805 225
1605 781 1739 820 μεγα-

79 836 173 877 λεῖα
201 849 275 891 pro
306 833 487 888 μεγάλα,
519 838 591 876 aut
623 848 783 876 errores
815 839 887 876 aut
917 835 1177 876 coniecturas
1210 846 1303 876 esse
1335 833 1493 875 librarii
1524 833 1739 875 fatendum

78 908 152 947 est.
204 903 385 955 denique
408 915 515 954 quae
548 902 589 943 in
622 902 738 943 initio
770 902 921 945 desunt
945 901 1156 943 Marciano
1189 904 1262 943 381
1301 899 1412 943 unde
1443 902 1638 955 suppleta
1658 902 1739 943 sint

78 983 334 1026 quamquam
356 984 407 1012 ex
431 971 522 1024 ipso
546 983 628 1011 non
651 970 854 1022 quaesiui,
887 975 1025 1011 tamen
1048 969 1207 1011 ratione
1229 968 1376 1010 habita
1407 968 1603 1011 editionis
1625 968 1737 1023 prin-

78 1039 203 1094 cipis,
241 1051 366 1090 quam
404 1051 456 1079 ex
493 1051 541 1079 eo
575 1042 708 1079 ortam
744 1050 837 1079 esse
873 1036 1084 1089 existimo,
1117 1049 1169 1078 ex
1201 1036 1481 1078 Laurentiano
1505 1039 1569 1078 (59.
1594 1038 1645 1077 20
1669 1035 1736 1089 (L)

77 1106 329 1160 transcripta
359 1118 452 1148 esse
483 1104 654 1147 conicio.

192 1173 296 1215 Cum
319 1173 531 1215 Marciano
555 1174 634 1213 :350
666 1184 835 1225 prorsus
858 1172 1036 1213 concinit
1059 1171 1194 1214 codex
1217 1170 1526 1213 Laurentianus
1557 1171 1659 1225 plut.
1684 1174 1735 1212 60

79 1241 169 1285 cod.
211 1247 275 1294 10,
318 1254 442 1294 quem
483 1244 523 1282 et
562 1239 700 1294 ipsum
733 1253 785 1281 ex
818 1240 856 1280 M
888 1238 1062 1282 fluxisse
1098 1245 1257 1282 certum
1300 1243 1381 1291 est,
1423 1238 1498 1281 sed
1539 1240 1736 1291 quoniam

80 1310 121 1351 in
158 1309 265 1351 libro
306 1308 468 1350 decimo
501 1307 560 1350 eis
597 1307 698 1349 locis
737 1320 840 1359 quos
873 1319 1000 1361 supra
1033 1306 1263 1348 memoraui
1304 1305 1491 1349 codicem
1523 1307 1558 1349 V
1589 1306 1737 1350 eodem

78 1377 204 1419 modo
237 1377 362 1419 refert
392 1374 626 1428 eademque
658 1375 761 1417 uitia
793 1389 901 1427 quae
933 1374 974 1416 in
1005 1373 1216 1415 Marciano
1250 1376 1330 1415 350
1363 1378 1458 1415 sunt
1490 1375 1618 1416 etiam
1641 1375 1736 1417 ineo

80 1448 311 1497 occurrunt,
344 1456 426 1485 non
457 1442 603 1484 dubito
636 1443 735 1496 quin
767 1456 819 1484 ex
851 1443 1062 1484 Marciano
1088 1444 1166 1483 380
1199 1440 1354 1495 petitus
1385 1441 1451 1483 sit.

192 1511 354 1554 Eodem
385 1511 478 1553 loco
512 1510 732 1552 habendus
763 1514 827 1552 est
858 1510 993 1552 codex
1025 1508 1351 1561 Escorialensis,
1390 1521 1515 1561 quem
1547 1510 1738 1552 ultimum

77 1592 371 1631 commemoro,
405 1591 529 1631 quem
562 1578 731 1630 quidem
755 1591 983 1630 numquam
1014 1575 1101 1618 uidi
1134 1588 1211 1617 nec
1243 1576 1469 1629 quicquam
1500 1590 1552 1618 ex
1585 1590 1634 1619 eo
1667 1591 1736 1620 ex-

78 1651 266 1701 cerptum
289 1646 446 1699 habeo;
479 1659 624 1688 uerum
647 1651 785 1688 tamen
808 1659 901 1686 cum
923 1645 1048 1686 fuerit
1073 1643 1315 1696 Mendozae,
1337 1643 1568 1686 Mendozae
1596 1649 1737 1687 autem

78 1713 263 1756 maxime
294 1714 448 1755 librum
480 1714 522 1755 in
554 1712 738 1755 editione
759 1713 947 1767 principe
970 1712 1022 1753 ab
1045 1711 1217 1752 Arlcnio
1239 1724 1487 1765 expressum
1509 1725 1601 1754 esse
1632 1711 1736 1754 scia—

78 1794 192 1835 mus,
236 1794 288 1823 ex
320 1781 398 1822 hac
430 1780 482 1822 de
517 1781 590 1823 illo
623 1781 821 1823 certiores
850 1780 942 1822 fieri
972 1779 1214 1834 poterimus.
1266 1779 1378 1821 unde
1411 1779 1531 1820 huius
1571 1792 1738 1832 quoque

76 1849 173 1891 libri
203 1849 245 1890 M
283 1852 497 1890 auctorem
539 1860 632 1890 esse
673 1852 868 1903 apparet,
910 1861 1003 1890 cum
1043 1851 1184 1888 autem
1216 1846 1308 1889 loco
1349 1859 1477 1901 supra
1507 1852 1738 1889 memorato

77 1915 138 1969 (X
172 1918 250 1956 219
274 1914 378 1969 sq.),
409 1915 481 1957 ubi
503 1916 545 1957 M
577 1914 751 1970 defecit,
791 1914 919 1958 editio
958 1914 1154 1969 princeps
1194 1927 1289 1956 cum
1319 1914 1532 1957 Marciano
1565 1916 1645 1956 380
1677 1913 1739 1968 (et

76 1983 358 2026 Laurentiano
390 1984 454 2024 69.
492 1982 560 2036 10)
592 1983 653 2025 ita
683 1982 931 2035 consentiat,
963 1986 1006 2024 ut
1037 1982 1164 2024 etiam
1194 1982 1299 2024 uitia
1329 1982 1418 2024 eius
1451 1995 1504 2024 ex
1535 1982 1738 2025 Vaticano

80 2054 154 2093 147
189 2055 282 2094 orta
311 2051 538 2105 receperit,
576 2050 808 2093 Mendozae
848 2050 1034 2093 codicem
1074 2064 1128 2092 ex
1156 2048 1371 2092 Marciano
1403 2051 1484 2092 380
1516 2050 1738 2104 transcrip-

76 2123 163 2162 tum
195 2131 287 2161 esse
317 2118 598 2160 iudicabimus
630 2132 679 2161 eo
710 2117 971 2173 probabilius
1004 2117 1117 2170 quod
1146 2116 1261 2171 apud
1283 2117 1465 2160 Venetos
1495 2131 1605 2160 anno
1633 2119 1736 2158 1542

77 2199 171 2228 eum
204 2191 422 2228 exaratum
461 2199 554 2242 esse
592 2187 758 2228 scimus.
824 2186 903 2229 hoc
934 2198 1100 2238 quoque
1132 2198 1185 2228 ex
1217 2185 1402 2228 editione
1433 2185 1619 2240 principe
1651 2184 1737 2227 effi-

76 2253 271 2296 ciendum
302 2258 377 2306 est,
413 2253 600 2296 codicem
626 2253 857 2296 Mendozae
887 2254 1147 2296 simillimum
1169 2266 1262 2296 esse
1285 2253 1568 2296 Laurentiano
1595 2254 1659 2294 69.
1688 2254 1736 2292 10

77 2320 311 2373 eademque
342 2333 469 2362 manu
501 2326 730 2364 correctum
753 2335 858 2364 esse.
916 2335 1014 2363 nam
1035 2321 1135 2364 VIII
1159 2323 1238 2361 154
1271 2321 1328 2375 (p.
1351 2323 1445 2374 210,
1472 2320 1540 2373 11)
1573 2319 1738 2362 codices

75 2387 296 2431 ROSPLV
321 2387 617 2443 παράμαλλαν
639 2389 808 2444 habent,
840 2390 880 2431 M
902 2388 1218 2442 παραμάλχαν;
1250 2389 1326 2430 Sed
1347 2388 1390 2429 in
1411 2387 1691 2430 Laurentiano
1705 2387 1737 2440 ¹)

77 2456 316 2498 restitutum
348 2460 411 2498 est
441 2456 485 2498 id
517 2456 628 2509 quod
656 2457 861 2512 Iosephus
891 2458 1025 2500 uoluit
1055 2453 1307 2512 παλμηρὰν,
1337 2455 1451 2497 idem
1481 2455 1523 2496 in
1555 2454 1738 2498 editione

76 2523 262 2577 principe
300 2524 443 2578 paullo
479 2525 603 2566 aliter
637 2525 837 2579 scriptum
864 2523 1105 2580 παλμιρὰν,
1140 2528 1349 2578 sumptum
1382 2523 1487 2565 illud
1523 2537 1576 2566 ex
1612 2522 1736 2565 inter-

78 2591 205 2645 pretis
237 2591 357 2633 latini
385 2591 625 2645 palmiram,
666 2606 764 2634 nam
801 2592 1018 2635 sciendum
1050 2596 1113 2635 est
1143 2591 1369 2646 Iosephum
1401 2589 1596 2632 Latinum
1626 2604 1736 2634 anno

81 2660 186 2698 1470
227 2659 447 2711 Augustae
492 2659 625 2713 primo
670 2660 920 2714 impressum
958 2662 1108 2714 postea
1150 2660 1277 2702 etiam
1314 2660 1357 2700 in
1387 2658 1512 2700 Italia
1549 2658 1737 2712 pluriens

79 2724 238 2767 editum
270 2739 374 2768 esse.
433 2727 560 2768 etiam
590 2727 690 2769 VIII
725 2729 801 2768 163
834 2731 875 2769 et
903 2727 946 2768 in
976 2727 1259 2769 Laurentiano
1292 2732 1332 2769 et
1361 2727 1404 2768 in
1443 2725 1508 2767 ed.
1539 2738 1599 2779 pr.
1632 2725 1737 2769 haec

78 2792 290 2846 leguntur:
323 2792 367 2834 ἔν
403 2810 489 2835 τινι
521 2792 647 2848 τόπῳ
680 2794 896 2849 λεγομένῳ
929 2789 1254 2849 ἆσιωγγάρέρος
1292 2787 1395 2848 αἵτ’)
1428 2791 1510 2847 γὰρ
1540 2795 1736 2849 βερενίκη

77 2860 274 2901 καλεῖται
314 2855 363 2901 οὗ
394 2859 549 2916 πόρρω
581 2860 756 2917 εἰλανῆς
786 2861 961 2911 πόλεως
998 2860 1021 2917 ἢ
1050 2860 1173 2916 χώρᾳ
1204 2858 1251 2902 τὸ
1285 2861 1391 2914 πρὶν
1433 2858 1641 2902 ἷουδαίων
1675 2850 1735 2916 ἧν,

194 3005 225 3043 1)
249 3004 334 3046 quid
357 3003 396 3039 in
419 3005 606 3041 Marciano
634 3008 696 3040 380
724 3006 781 3049 sit,
805 3006 940 3041 nescio.

144 3067 285 3102 Iosephus
304 3070 326 3096 1.
1436 3060 1467 3094 E
