2170 3475
341 236 498 273 XXVIII
1065 227 1261 263 Praefatio.

343 350 453 390 bitur
484 348 645 388 omnino
676 343 865 384 dictionis
895 341 1075 381 eoez'mz‘ae
1105 342 1252 380 merita
1285 339 1564 381 declarantur.
1614 352 1713 381 nam
1732 337 1885 392 uiginti
1914 336 1996 380 duo

345 430 448 470 quos
479 415 681 456 memorat
711 410 807 453 libri
836 412 932 451 sunt
961 408 1259 462 antiquitatum
1282 407 1432 461 uiginti
1453 420 1545 450 cum
1566 406 1685 449 libris
1705 410 1850 448 contra
1870 405 1998 460 Apio-

342 499 438 527 nem
477 482 661 533 duobus,
701 478 772 531 qui
809 476 936 518 etiam
973 488 1084 517 nunc
1122 479 1267 517 extant
1306 475 1456 529 latine3
1494 487 1593 516 nam
1622 474 1713 516 uita
1741 475 1833 516 sola
1862 485 2000 526 neque

344 555 458 594 extat
488 549 619 591 latina
648 557 783 599 neque
814 548 912 586 tunc
944 543 1178 586 uersionem
1208 542 1384 584 latinam
1415 541 1571 596 adepta
1600 554 1694 584 esse
1724 540 1901 583 uidetur.

454 618 508 658 Et
547 614 602 657 ad
639 626 715 655 nos
757 611 926 666 quidem
959 624 1010 653 ea
1048 610 1206 663 uersio,
1247 622 1355 662 quae
1386 608 1656 651 Cassiodorio
1687 611 1858 651 auctore
1886 607 2002 650 facta

345 690 418 739 est,
451 683 610 724 attinet.
663 680 779 722 cuius
801 678 966 721 codices
989 681 1134 719 extant
1165 680 1238 730 tot,
1270 679 1315 718 ut
1344 676 1412 718 hic
1443 675 1679 718 enumerari
1708 689 1792 718 non
1818 675 2000 730 possint3

343 766 439 795 nam
480 750 606 793 etiam
642 747 797 790 latinus
827 745 1032 799 Iosephus
1063 758 1088 786 a
1118 743 1260 786 multis
1291 743 1502 786 lectitatus
1533 747 1609 786 est.
1669 743 1773 785 mihi
1802 741 1847 784 id
1878 755 2003 785 curae

344 820 430 873 fuit,
462 823 506 861 ut
527 815 729 859 adhibitis
759 827 841 856 uno
873 813 942 855 uel
972 812 1162 867 pluribus
1193 810 1315 853 bonis
1345 809 1560 853 codicibus
1609 811 1754 864 sciam,
1785 809 1887 864 quid
1915 810 2004 852 fere

346 887 536 931 dederint
567 881 823 927 Cassiodorii
854 880 1016 923 librarii
1047 884 1088 923 et
1119 892 1200 932 quo
1233 878 1299 920 usi
1327 878 1412 920 sint
1441 878 1673 932 exemplari
1694 891 1860 932 graeco,
1892 875 2005 931 quod

345 956 413 998 uel
445 968 497 996 ex
528 966 607 994 uno
640 950 785 993 codice
818 949 925 991 bono
965 947 1212 1002 plerumque
1253 945 1356 988 satis
1395 948 1534 999 potest
1572 945 1776 1000 perspici,
1815 958 1907 987 cum
1949 942 2006 986 ad

346 1024 390 1066 id
429 1018 762 1076 cognoscendum
800 1015 1037 1057 firmissimo
1078 1013 1266 1056 subsidio
1309 1017 1474 1056 utamur
1514 1012 1696 1066 Iosepho
1735 1012 1841 1067 ipso.
1906 1023 2006 1055 usus

347 1092 471 1146 igitur
501 1102 593 1130 sum
626 1085 771 1128 codice
801 1083 986 1126 omnium
1016 1081 1309 1135 antiquissimo
1332 1085 1372 1123 et
1398 1081 1523 1133 longe
1546 1079 1703 1134 optimo
1727 1079 2006 1122 Ambrosiano

347 1170 586 1213 papyraceo
617 1152 776 1196 saeculi
807 1151 864 1194 VI
895 1148 1163 1193 Cassiodorio
1194 1149 1277 1204 ipsi
1302 1149 1389 1190 fere
1414 1147 1597 1201 aequali,
1629 1159 1754 1200 quem
1786 1144 2009 1201 descripsit

347 1228 560 1279 Augustus
592 1219 896 1264 Reifferscheid
934 1219 978 1259 in
1011 1216 1271 1259 bibliotheca
1308 1220 1475 1271 patrum
1506 1215 1667 1256 Italica.
1729 1213 1907 1256 duarum
1934 1227 2008 1268 pa-

347 1294 536 1348 ginarum
574 1290 801 1342 imaginem
840 1286 1042 1341 optimam
1081 1284 1197 1327 dedit
1228 1284 1409 1327 societas
1444 1282 1813 1338 palaeographica.
1874 1279 2011 1324 codex

348 1358 664 1415 diligentissime
685 1356 864 1410 scriptus
885 1354 988 1396 uitia
1008 1353 1096 1395 fere
1126 1352 1243 1394 nulla
1274 1351 1416 1404 habet,
1448 1350 1791 1405 orthographiam
1822 1347 2013 1402 sequitur

348 1434 392 1471 ut
421 1442 502 1470 non
541 1427 822 1479 incorruptam
860 1422 920 1464 ita
950 1420 1075 1463 certis
1114 1419 1279 1473 legibus
1310 1417 1550 1472 definitam,
1583 1431 1713 1471 quare
1743 1417 1787 1458 in
1818 1415 2013 1459 omnibus

348 1497 461 1539 illius
492 1496 587 1537 aeui
618 1491 891 1547 scriptoribus
908 1488 938 1543 ¹)
971 1486 1146 1531 edendis
1177 1500 1278 1529 usus
1310 1486 1399 1529 eius
1421 1485 1500 1528 erit
1522 1483 1638 1527 haud
1659 1484 1849 1538 exiguus.
1900 1486 2014 1526 certe

351 1563 519 1617 losephi
550 1560 688 1604 uersio
720 1556 1044 1601 Cassiodoriana
1074 1553 1129 1596 ad
1158 1554 1284 1597 huius
1315 1553 1472 1596 codicis
1503 1565 1695 1595 normam
1726 1551 1894 1595 edenda
1923 1551 2013 1594 erit.

353 1637 414 1675 est
452 1631 563 1672 enim
602 1626 735 1670 codex
775 1638 895 1668 rarae
933 1623 1034 1665 fidei
1072 1634 1278 1675 raraeque
1307 1620 1497 1674 uirtutis,
1539 1619 1610 1673 qui
1641 1632 1786 1663 omnes
1816 1619 2014 1674 reliquOS,

353 1712 456 1752 quos
493 1695 662 1750 quidem
704 1694 823 1746 noui,
864 1693 989 1734 etiam
1028 1690 1343 1743 antiquissimos
1382 1689 1508 1740 longe
1550 1691 1731 1742 superat.
1793 1686 1870 1729 sed
1900 1685 2016 1729 idem

354 1767 506 1809 multas
536 1763 708 1806 iniurias
730 1773 879 1816 passus
901 1764 976 1813 est,
1011 1758 1161 1812 quibus
1184 1759 1340 1799 factum
1366 1760 1441 1808 est,
1473 1758 1518 1797 ut
1539 1768 1649 1796 nunc
1668 1758 1832 1809 partem
1854 1758 2018 1798 tantum

356 1835 419 1877 sui
450 1831 638 1875 seruarit.
693 1829 838 1883 incipit
870 1827 980 1869 enim
1011 1839 1037 1868 a
1067 1826 1229 1868 uerbis:
1261 1824 1364 1864 booz
1399 1829 1439 1862 et
1467 1821 1738 1862 hereditatem
1768 1828 1809 1862 et
1838 1834 2018 1862 uxorem

354 1902 484 1946 cessit,
518 1913 626 1952 quae
657 1901 753 1939 sunt
782 1897 876 1938 Ant.
907 1895 941 1936 V
965 1897 1058 1948 334,
1088 1892 1179 1935 finit
1210 1892 1252 1933 X
1282 1893 1308 1943 ξ
1338 1892 1419 1932 204
1451 1888 1609 1932 uerbis:
1641 1902 1763 1944 qnam
1790 1902 1872 1943 pro
1902 1889 2019 1930 nobis

356 1970 454 2023 ipsis
485 1969 592 2007 uitae
622 1965 795 2005 termino
828 1970 866 2002 te
897 1961 1055 2001 iubente
1086 1961 1269 2001 multatis
1305 1958 1507 1999 sollicitus
1537 1971 1652 1997 eram
1683 1956 1777 1996 dum
1808 1989 1817 1998 .
1838 1989 1847 1998 .
1871 1989 1880 1999 .
1940 1956 2019 2000 sed

356 2036 482 2079 etiam
514 2047 657 2076 eorum
689 2044 796 2086 quae
827 2029 1074 2072 interiacent
1104 2042 1187 2071 non
1218 2040 1354 2083 pauca
1373 2029 1446 2068 aut
1467 2025 1634 2068 omnino
1656 2023 1916 2078 exciderunt,
1947 2029 2020 2067 aut

356 2105 415 2146 ita
445 2102 598 2144 affecta
629 2105 736 2152 sunt,
768 2102 811 2140 ut
833 2098 902 2139 uix
926 2097 1008 2151 legi
1029 2096 1202 2152 possint.
1254 2108 1395 2138 eorum
1416 2097 1574 2146 autem,
1606 2105 1715 2145 quae
1734 2091 1833 2135 huic
1855 2091 2018 2147 desunt,

358 2175 508 2214 testem
538 2169 581 2210 in
611 2166 844 2209 subsidium
866 2165 1014 2207 uocaui
1035 2163 1224 2207 codicem
1245 2161 1648 2213 Wizenburgensem
1673 2173 1739 2202 no.
1763 2162 1830 2215 22,
1863 2160 1934 2214 qui
1956 2164 2021 2203 est

357 2236 640 2280 bibliothecae
676 2233 1053 2286 Guelferbytanae,
1089 2232 1258 2274 saeculo
1297 2232 1385 2274 fere
1424 2229 1487 2270 XI
1528 2231 1620 2279 (aut
1659 2225 1763 2281 XIl)
1804 2228 2021 2282 scriptum.

359 2306 468 2347 hunc
499 2317 580 2346 non
611 2307 767 2344 temere
799 2299 920 2352 clegi,
952 2299 1026 2342 sed
1058 2300 1156 2352 quia
1187 2313 1281 2342 cum
1303 2296 1582 2339 Ambrosiano
1614 2295 1930 2349 comparatione
1958 2296 2019 2338 in-

360 2373 504 2415 stituta
535 2384 629 2412 eum
663 2369 815 2410 bonum
850 2371 889 2410 et
921 2368 1063 2411 utilem
1096 2380 1189 2410 esse
1230 2378 1523 2420 cognoueram.
1585 2363 1708 2405 huius
1746 2363 1877 2406 libros
1907 2362 2022 2405 I—V

361 2439 514 2482 contuli
555 2438 663 2491 ipse,
703 2449 811 2488 quae
850 2435 965 2476 libris
1003 2434 1158 2476 Vl—X
1198 2435 1240 2476 in
1280 2433 1562 2476 Ambrosiano
1609 2430 1809 2485 deerant,
1847 2429 2024 2472 contulit

362 2507 537 2549 Carolus
569 2505 762 2559 Boysem
801 2502 955 2544 deinde
988 2501 1143 2544 eodieis
1167 2502 1390 2544 Bernensis
1421 2514 1487 2543 no.
1518 2500 1592 2540 118
1624 2498 1918 2551 antiquissimi,
1951 2497 2025 2550 qui

363 2588 470 2615 nono
503 2572 671 2615 saeculo
713 2571 891 2625 scriptus
931 2570 1114 2622 uidetur,
1154 2570 1306 2611 librum
1348 2569 1527 2623 primum
1567 2569 1608 2609 et
1648 2565 1822 2607 secundi
1859 2569 2024 2619 partem

364 2642 543 2694 priorem
575 2653 712 2681 meum
745 2639 785 2680 in
819 2651 935 2679 usum
969 2637 1152 2678 excussit
1184 2635 1431 2691 Rudolphus
1463 2637 1581 2677 Beer.
1614 2632 1691 2675 sed
1723 2632 1946 2674 Beruensis
1978 2634 2024 2673 ut

363 2714 502 2751 aetate
542 2707 715 2748 multum
748 2709 918 2760 superat
948 2704 1368 2757 wizenburgensem,
1408 2705 1467 2745 ita
1503 2702 1658 2744 uirtute
1699 2700 1822 2753 longe
1852 2698 2025 2742 inferior

365 2781 439 2828 cst,
471 2789 562 2816 curn
594 2774 725 2815 multa
756 2773 796 2814 in
829 2786 878 2814 co
910 2772 1162 2825 interpolata
1200 2772 1293 2812 sint.
1355 2771 1485 2813 nihilo
1524 2769 1661 2812 minus
1701 2765 1861 2821 aliquid
1893 2765 2027 2808 ualuit

365 2843 421 2885 ad
453 2841 821 2894 wizenburgensis
853 2840 1112 2894 corruptelas
1143 2838 1431 2891 agnoscendas
1463 2843 1503 2880 et
1534 2838 1573 2879 ei
1606 2835 1677 2889 qui
1708 2833 1876 2889 Iosephi
1906 2832 2026 2876 latini

1592 2930 1819 2937 γᾈ-..μ-
1870 2929 1918 2932 ,ἶ-
1950 2928 1957 2932 ,
2003 2926 2022 2931 .-

482 2991 511 3025 1)
537 2987 635 3020 uelut
662 2986 695 3019 in
722 2986 886 3020 Iordane.
