2091 3418
73 598 93 629 5

54 935 92 968 10

54 1275 91 1307 15

54 1612 91 1645 20

615 202 777 247 ANTIQ.
804 202 900 240 IUD.
928 204 942 237 Ι
969 207 1100 238 50—55
1126 205 1150 244 (ι
1169 209 1196 237 ι.
1223 207 1245 235 11
1265 210 1292 247 ι)
1735 204 1784 242 13

125 320 202 375 τῆς
229 317 421 374 κεφαλῆς
452 319 603 373 φέρειν
632 315 712 367 τὰς
734 316 916 374 πληγάς,
949 314 1009 368 (ὃς
1032 317 1075 360 ἐν
1097 316 1233 374 ἐκείνῃ
1256 319 1333 360 τοῦ
1354 334 1398 360 τε
1421 320 1551 360 κακοῦ
1573 320 1650 360 τοῦ
1672 317 1786 374 πρὸς

126 382 394 440 ἀνθρώπους
430 388 629 438 κειμένου
669 386 739 427 καὶ
789 387 867 440 τής
908 387 1110 441 τελευτῆς
1151 385 1312 443 ῥᾴστης
1356 395 1451 436 τοῖς
1496 382 1786 440 ἀμυνομένοις

124 452 352 510 ἐσομένης,
394 452 546 495 ποδιῦν
583 468 630 494 τε
678 448 809 495 αὐτὸν
849 449 1158 509 ἀποστερήσας
1201 453 1417 508 σύρεσθαι
1450 453 1560 496 κατὰ
1599 456 1676 510 τῆς
1705 456 1783 510 γῆς

124 520 429 575 ἰλυσπώμενον
469 519 665 577 ε’ῑποίήσε.
726 522 798 562 καὶ
834 517 856 562 ὃ
898 521 976 574 μὲν
1018 520 1127 570 θεὸς
1164 524 1301 563 ταῦτα
1346 521 1600 576 προστάξας
1632 518 1782 572 αὐτοῖς
1799 525 1846 564 51

122 587 307 643 πάσχειν
343 588 578 642 μετοικίζει
616 588 692 631 τὸν
725 585 921 642 ’Ἀδαμον
961 590 1030 631 καὶ
1071 589 1150 646 τήν
1193 586 1310 631 Εἰῗαν
1350 588 1393 631 ἐκ
1431 591 1508 632 τοῦ
1545 589 1685 645 κήπου
1723 589 1786 639 εἷς

124 656 268 713 ἕτερον
297 660 472 711 χωρίον.

234 726 288 768 II.
325 729 360 767 1.
410 728 613 767 Γίνονται
646 724 691 766 δὲ
724 719 874 774 αὐτοῖς
905 724 1064 774 παῖδες
1095 721 1270 779 ἄρρενες
1301 723 1399 766 δύο’
1432 724 1780 781 προσηγορεύετο
1797 728 1850 768 52

123 791 169 835 δὲ
201 787 342 835 αὐτῶν
372 789 394 834 ὃ
428 793 506 846 μὲν
538 794 714 847 πρῶτος
747 791 871 841 Κάις,
912 796 1052 834 κτίσιν
1084 792 1130 834 δὲ
1163 796 1366 849 σημαίνει
1398 794 1526 834 τοῦτο
1557 796 1782 849 μεθερμη-

122 859 353 914 νευόμενον
374 857 580 915 τοίῗνομα,
605 857 791 914 ’Ἀβελος
813 860 859 902 δὲ
888 856 910 902 ὁ
936 859 1147 915 δεύτερος,
1180 863 1384 916 σημαίνει
1407 859 1453 901 δὲ
1475 855 1610 902 οὐθὲν
1629 862 1758 902 τοῦτο
1773 872 1782 880 ·

118 931 314 984 γίνονται
346 928 392 971 δὲ
424 924 573 978 αὐτοῖς
605 929 674 970 καὶ
708 930 962 982 θυγατέρες.
1024 927 1065 969 οἱ
1105 927 1183 981 μὲν
1215 918 1290 970 οὖν
1327 923 1514 984 ἀδελφοὶ
1547 927 1781 984 διαφόροις
1798 932 1850 972 53

122 995 293 1052 ἔχαιρον
325 995 692 1053 ἐπιτήδει’·ιιιασιν·
726 992 911 1050 ’Ἀβελος
952 994 1030 1048 μὲν
1068 993 1150 1050 γὰρ
1190 992 1211 1037 ὁ
1255 995 1464 1050 νεώτερος
1506 995 1784 1052 δικαιοσύνης

121 1061 376 1117 ἐπεμελεῖτο
415 1065 485 1106 καὶ
529 1065 642 1106 πᾶσι
681 1072 774 1113 τοῖς
812 1059 890 1105 ’ὑπ’
919 1058 1054 1105 αὐτοῦ
1094 1066 1416 1118 πραττομένοις
1456 1072 1666 1118 παρεῖναι
1706 1062 1782 1106 τὸν

118 1129 229 1174 θεὸν
262 1130 447 1184 νομίζων
479 1126 634 1187 ἀρετῆς
665 1130 882 1186 προενόει,
915 1129 1174 1185 ποιμενικὸς
1198 1126 1238 1172 δ’
1260 1122 1311 1187 ἦν
1333 1128 1354 1173 o‘
1377 1135 1474 1185 βίος
1497 1127 1636 1187 αὐτῷ·
1669 1130 1783 1182 Κάις

123 1197 170 1240 δὲ
199 1197 253 1240 τά
284 1214 331 1240 τε
363 1195 474 1240 ἄλλα
504 1198 807 1255 πονηρότατος
840 1189 889 1254 ἦν
920 1200 991 1241 καὶ
1016 1197 1131 1255 πρὸς
1150 1197 1199 1241 τὸ
1233 1199 1475 1253 κερδαίνειν
1505 1198 1640 1252 μόνον
1671 1195 1782 1241 ἀπο-

119 1266 297 1320 βλέπων
327 1268 404 1321 γῆν
432 1282 479 1308 τε
502 1261 634 1321 ἀροῦν
667 1264 879 1323 ἐπενόησε
910 1269 1086 1321 πρῶτος
1116 1269 1188 1309 καὶ
1217 1270 1375 1309 κτείνει
1407 1266 1453 1309 δὲ
1482 1265 1558 1309 τὸν
1589 1262 1782 1324 ἀδελφὸν

122 1331 166 1375 ἐκ
196 1333 401 1390 τοιαὺτής
433 1333 600 1384 αἰτίας·
633 1336 773 1377 θῦσαι
805 1335 867 1390 τῷ
897 1337 994 1390 θεῷ
1027 1334 1158 1385 δόξαν
1191 1329 1340 1384 αὐτοῖς
1371 1332 1393 1376 ὁ
1425 1334 1503 1388 μὲν
1535 1333 1650 1385 Κάις
1678 1333 1781 1385 τοὺς
1798 1340 1850 1378 54

121 1397 212 1444 ἀπὸ
243 1403 320 1457 τῆς
350 1405 561 1457 γεωργίας
591 1404 663 1444 καὶ
696 1404 844 1458 φυτιῦν
874 1401 1074 1457 καρποὺς
1106 1400 1351 1458 ἐπήνεγκεν,
1374 1399 1562 1456 ’Ἀβελος
1595 1402 1641 1444 δὲ
1671 1401 1783 1457 γάλα

120 1471 194 1512 καὶ
232 1468 286 1511 τὰ
328 1469 588 1523 πρωτότοκα
628 1471 714 1510 τῶν
751 1469 1055 1526 βοσκημάτων.
1126 1467 1147 1513 0‘
1192 1470 1237 1512 δὲ
1282 1469 1393 1520 θεὸς
1436 1468 1569 1525 ταύτῃ
1615 1470 1784 1523 μᾶλλον

120 1532 272 1592 ’ἥδεται
301 1539 354 1593 τῇ
386 1540 526 1593 θυσίᾳ
555 1545 650 1586 τοῖς
691 1531 958 1590 αὐτομάτοις
996 1540 1069 1580 καὶ
1109 1536 1220 1579 κατὰ
1252 1536 1386 1594 φύσιν
1416 1536 1615 1592 γεγονόσι
1646 1537 1785 1591 τιμιό-

119 1620 261 1658 μενος,
294 1600 390 1646 dm?
413 1600 506 1658 οὐχὶ,
535 1613 630 1654 τοῖς
661 1599 756 1646 κατ)
779 1602 982 1647 ἐπίνοιαν
1026 1600 1272 1660 ἀνθρώπου
1304 1606 1565 1646 πλεονέκτου
1594 1608 1673 1661 βίᾳ
1702 1621 1784 1647 πε-

124 1671 322 1728 φυκόσιν.
381 1671 512 1714 ἔνθεν
551 1668 573 1713 ὁ
607 1671 721 1721 Κάις
759 1671 1059 1726 παροξυνθεὶς
1097 1671 1172 1714 ἐπὶ
1211 1673 1274 1726 τῷ
1314 1674 1676 1729 προτετιμῆσθαι
1705 1670 1780 1715 τὸν
1799 1678 1851 1716 55

114 1735 300 1793 ’Ἀβελον
333 1736 417 1781 ὑπὸ
450 1740 526 1781 τοῦ
558 1740 668 1780 θεοῦ
698 1742 855 1781 κτείνει
894 1736 970 1780 τὸν
1012 1734 1206 1795 ἀδελφὸν
1246 1740 1316 1781 καὶ
1356 1737 1433 1781 τὸν
1464 1738 1614 1794 νεκρὸν
1651 1734 1785 1782 αὐτοῦ

122 1805 316 1861 ποιήσας
347 1801 495 1862 ἀφανῆ
527 1805 674 1861 λήσειν
704 1802 940 1860 ὑπέλαβεν.
1001 1802 1023 1848 ὁ
1059 1805 1105 1848 δὲ
1142 1805 1252 1856 θεὸς
1293 1808 1436 1857 συνεὶς
1465 1805 1514 1849 τὸ
1549 1805 1673 1862 ἔργον
1710 1823 1786 1863 ηκε

121 1871 236 1929 πρὸς
265 1871 341 1916 τὸν
371 1871 487 1915 Κάιν
517 1874 623 1928 περὶ
659 1867 882 1930 τάδελφοῦ
921 1873 1275 1929 πυνθανόμενος,
1307 1883 1390 1918 ποῖ
1419 1869 1524 1917 ποτ’
1547 1874 1635 1932 εἴη·
1673 1875 1785 1917 πολ-

232 1986 253 2029 ς
278 1988 319 2020 50
344 2002 388 2015 =
413 1984 501 2020 Gen.
526 1984 582 2019 111
609 1987 661 2019 14.

228 2097 651 2134 ROSPLELatZonaras
675 2098 694 2132 Ι
717 2109 753 2143 p.
780 2100 821 2133 23
831 2109 882 2144 sq.
930 2099 1092 2135 Michael
1119 2098 1251 2145 Glycas
1275 2110 1310 2144 p.
1332 2102 1438 2143 198‚1
1466 2099 1704 2135 ExcPeiresc.

232 2159 246 2190 1
275 2153 316 2191 ἐν
339 2152 476 2200 ἐκείνῃ]
501 2152 647 2200 ἐκείνησ
663 2154 697 2189 R
720 2153 761 2198 ἐξ
781 2153 932 2202 ἕκείνησ
949 2156 979 2191 Ο
1074 2159 1093 2191 3
1119 2151 1278 2198 *αὕτὸν]
1305 2151 1430 2192 αὐτῶν
1448 2155 1476 2191 Ο
1496 2152 1598 2192 αὐτῶ
1623 2166 1668 2190 ex
1692 2165 1785 2191 corr.

118 2211 149 2246 L
274 2214 338 2257 τῆς
362 2221 430 2246 0111.
456 2206 495 2245 L‘
614 2214 635 2244 4
659 2209 921 2256 ἰλυσπώμενον
943 2212 989 2247 Ρ“·’
1013 2210 1263 2257 ἰλυσσόμενον
1288 2211 1317 2247 Ο
1453 2213 1637 2258 πεποίηκε
1662 2211 1694 2246 Ε

116 2269 248 2309 ταῦτα]
275 2270 431 2304 τοιαῦτα
450 2265 480 2301 Ο
575 2270 592 2301 7
617 2266 728 2312 incip.
747 2267 912 2304 ExcPeir
1008 2264 1071 2305 *δ’
1095 2269 1124 2303 Ρ
1218 2266 1409 2316 *ἅρσενεσ
1426 2269 1505 2303 Exc
1596 2280 1785 2314 προσηγο-

119 2320 249 2371 ρεύετο
266 2344 308 2348 -
327 2326 368 2358 10
393 2318 523 2365 αὐτοῖς
546 2333 615 2358 0111.
641 2323 720 2359 Exc
814 2326 833 2359 8
858 2320 893 2360 δ’
912 2324 999 2360 SPL
1092 2320 1197 2361 αι’-τῶ
1219 2325 1250 2360 L
1342 2327 1507 2368 πρῶτος]
1532 2322 1728 2371 πρότεροσ
1751 2324 1784 2359 Ε

229 2381 361 2422 κτίσιν]
385 2380 518 2426 κτίσην
541 2379 627 2415 S¹P²
650 2382 781 2426 κτῆσιν
804 2380 950 2416 LEZon
981 2383 1245 2428 possessionem
1268 2380 1340 2416 Lat
1475 2382 1589 2416 τοῦτο
1615 2381 1784 2426 σημαίνει

118 2437 164 2471 tr.
188 2435 220 2470 L
311 2439 331 2471 9
356 2433 402 2472 τὸ
433 2434 557 2481 ὄνομα
581 2436 739 2472 RSPLE
844 2433 970 2480 οὐθὲν]
997 2437 1144 2474 πένθοσ
1169 2438 1369 2474 SPLEZon
1393 2436 1484 2471 nihil
1508 2436 1593 2476 Lat;
1619 2437 1657 2471 in
1680 2435 1714 2470 R
1739 2432 1783 2473 οὐ

118 2495 281 2538 apparet,
308 2495 430 2528 cetera
452 2493 568 2528 latent
592 2493 659 2528 sub
684 2494 824 2537 charta,
849 2504 942 2538 quae
966 2494 1119 2539 margIni
1143 2494 1337 2539 posteriori
1361 2493 1518 2528 obducta.
1534 2495 1606 2535 θεῖς
1631 2503 1782 2538 sequens

118 2559 244 2584 uersus
269 2559 292 2584 a
314 2551 429 2585 τοῦτο
453 2549 584 2594 incipit
699 2552 739 2584 10
765 2545 802 2585 δ’
827 2549 880 2585 SP
1001 2554 1038 2585 11
1067 2547 1232 2597 ἔχαιρον]
1257 2549 1427 2596 ἐχρῶντο
1452 2549 1480 2584 Ρ
1588 2546 1784 2586 νεώτατοσ

118 2605 197 2640 Exc
320 2607 361 2640 12
386 2608 551 2653 παρῆναι
575 2604 608 2640 R
731 2608 771 2640 13
796 2603 989 2653 προενόει]
1016 2607 1162 2654 προέβη
1186 2607 1250 2642 RO
1275 2611 1501 2651 προενοεῖτο
1526 2604 1573 2639 Ρ2
1690 2605 1729 2642 δὲ
1754 2605 1783 2640 O

230 2657 344 2710 αὐτῷ]
371 2657 470 2698 αὐτ*
488 2675 504 2692 *
530 2661 564 2697 R
587 2661 690 2697 cuius
713 2661 785 2698 Lat:
880 2666 920 2697 15
945 2657 1162 2710 ἐπενοήσε·,
1190 2676 1207 2699 ε
1232 2665 1326 2707 (post
1351 2664 1389 2704 π)
1413 2662 1452 2696 in
1476 2671 1548 2696 ras.
1573 2671 1619 2695 m.
1646 2663 1665 2695 2
1691 2661 1715 2696 S

117 2717 158 2754 δὲ
181 2728 238 2753 0111
275 2718 478 2754 SPLEExc
587 2721 627 2753 16
651 2715 694 2761 ἐξ
721 2718 851 2754 αἰτίασ
875 2717 1056 2766 τοιαύτησ
1080 2719 1308 2754 Echekker
1424 2721 1462 2752 17
1489 2719 1566 2763 τῆς]
1590 2719 1661 2764 γῆσ
1685 2717 1714 2753 O

118 2777 258 2820 φυτῶν]
283 2777 361 2811 τῶν
384 2776 514 2820 φυτῶν
531 2773 699 2810 SPLExe
809 2772 1026 2821 ἐπήνεγκεν]
1052 2772 1310 2821 προσήνεγκεν
1333 2773 1399 2808 LE
1510 2775 1550 2808 18
1577 2771 1597 2809 ὃ
1622 2771 1721 2810 θεὸσ
1744 2775 1783 2811 δὲ

118 2831 164 2864 tr.
188 2829 223 2865 R
327 2833 367 2865 19
392 2827 595 2877 γεγονόσιν
619 2827 656 2873 (ό
680 2830 705 2865 i.
730 2841 802 2866 ras.
829 2831 872 2874 Ο)
897 2831 1016 2867 OS¹P²
1121 2834 1162 2865 20
1190 2832 1266 2879 βίᾳ]
1291 2831 1383 2875 βίαν
1405 2829 1439 2865 R
1461 2825 1559 2866 κατὰ
1583 2830 1675 2876 βίαν
1698 2830 1782 2866 SPL
1814 2849 1819 2854 ·

116 2887 181 2922 καὶ
203 2887 268 2934 βίᾳ
291 2886 564 2930 EEchekker,
590 2897 657 2922 om.
682 2887 755 2923 Lat
870 2890 911 2922 23
937 2883 1085 2934 ιῖφανὲσ
1109 2886 1189 2921 Exc
1306 2882 1571 2931 ὑπελάμβανεν
1595 2886 1691 2922 OLE

231 2967 274 2999 24
298 2959 496 3011 τάδελφοῦ]
508 2951 552 3000 0τυ
567 2960 731 3012 ἀδελφοῦ
750 2965 785 3001 R
810 2969 878 3002 τοῦ
902 2961 1067 3011 ἀδελφοῦ
1091 2965 1256 3001 OSPExo
1350 2968 1429 3006 ποῖ]
1455 2964 1516 3000 ubi
1537 2966 1610 3001 Lat
