2170 3475
395 238 429 273 X
1125 229 1320 265 Praefatio.

395 348 603 404 quaedam
641 348 684 389 in
715 344 913 389 extremis
944 343 1135 386 uersibus
1166 343 1475 396 obtegerentur.
1542 339 1666 383 huius
1697 338 1855 383 codicis
1885 339 2056 384 collatio

396 420 509 461 facta
540 429 631 458 cum
663 413 847 456 editione
886 409 1074 466 principe
1104 409 1334 451 Arleniana
1373 411 1490 451 extat
1518 406 1562 448 in
1593 406 1830 461 appendice
1860 406 2058 451 editionis

395 481 683 535 Hauerkampi
704 480 787 522 uol.
809 479 849 521 II
868 492 908 532 p.
932 480 1012 518 424
1026 489 1138 530 sqq.;
1168 489 1267 518 nam
1297 476 1367 517 hic
1388 479 1451 517 est
1473 487 1599 527 quem
1619 474 1692 517 ille
1712 474 1903 528 appellat
1922 473 1978 514 R.
1999 473 2058 528 b.;

397 555 615 605 praeterea
651 546 860 590 interdum
891 545 945 587 ab
976 543 1179 585 Hudsono
1219 547 1261 584 et
1290 542 1592 596 Hauerkampo
1630 541 1675 583 in
1716 541 2060 584 adnotationibus

395 616 590 659 laudatur
620 614 787 657 nomine
819 612 972 654 Gallici
991 609 1150 663 (Gall.)
1183 608 1220 651 2.
1270 609 1315 651 in
1341 609 1463 651 huius
1495 608 1692 652 editionis
1722 621 1844 651 usum
1874 608 1967 663 ipse
1996 612 2058 652 to-

395 690 483 726 tum
505 683 662 725 contuli
683 696 776 724 cum
798 693 933 723 essem
955 677 1125 721 Parisiis
1147 689 1256 718 anno
1273 675 1638 728 MDCCCLXXV,
1661 679 1884 730 praeterea
1903 675 2059 719 multos

395 752 509 793 locos
541 750 678 792 denuo
710 748 876 803 inspexi
896 745 1189 797 Vratislauiae,
1223 756 1304 796 quo
1328 741 1463 786 codex
1488 756 1515 784 a
1536 742 1820 786 bibliothecae
1841 743 2060 786 Parisinae

394 819 606 873 praefecto
636 816 788 858 missus
819 819 896 857 est.

510 887 548 926 2.
584 884 628 926 0.
661 883 795 926 codex
826 880 1078 925 Oxoniensis
1109 879 1391 921 bibliothecae
1422 876 1683 921 Bodleianae
1714 877 1890 921 miscell.
1917 891 2060 933 graec.

396 966 462 995 no.
489 953 566 993 186
597 950 736 1004 (Auct.
759 951 795 992 T
824 950 842 991 Ι
866 949 909 1003 8)
940 948 1109 991 saeculo
1140 946 1229 989 fere
1258 946 1338 987 XV
1369 944 1501 987 nitide
1532 944 1713 998 scriptus
1743 945 1784 986 in
1817 945 1986 1000 charta3
2015 945 2060 988 in

394 1019 570 1072 singulis
601 1017 765 1072 paginis
795 1016 920 1058 binae
954 1020 1048 1057 sunt
1075 1015 1294 1057 columnae
1316 1025 1512 1055 uersuum
1534 1013 1784 1066 plerumque
1803 1011 2060 1055 tricenorum

397 1086 629 1139 quinorum,
661 1082 868 1126 interdum
897 1083 1149 1125 tricenorum
1171 1083 1428 1123 octonorum.
1480 1079 1648 1121 litterae
1669 1083 1766 1122 sunt
1795 1079 1899 1122 satis
1921 1080 2060 1123 bonae

396 1153 619 1206 diligenter
641 1156 852 1204 exaratae,
886 1163 1003 1192 rarus
1023 1162 1124 1192 usus
1156 1147 1512 1203 compendiorum,
1546 1163 1561 1188 ι
1592 1152 1753 1189 mutum
1774 1147 1908 1189 abest.
1959 1146 2061 1190 olim

397 1220 649 1263 continuisse
688 1218 854 1260 uidetur
891 1216 1187 1269 antiquitatum
1228 1215 1358 1257 libros
1399 1220 1471 1257 aut
1511 1227 1656 1256 omnes
1687 1219 1760 1256 aut
1795 1212 2060 1270 quindecim;

395 1301 504 1330 nunc
544 1290 663 1340 parte
705 1285 936 1339 posteriore
966 1283 1103 1325 recisa
1133 1282 1289 1325 desinit
1318 1283 1362 1324 in
1392 1282 1524 1325 uerba
1553 1280 1656 1331 τοὺς
1702 1280 1860 1335 ἐμπειρ
1892 1280 1907 1335 ΙΙ
1940 1280 2061 1333 (στά-

394 1369 494 1402 τοις
532 1355 618 1394 τῶν
658 1351 818 1405 νόμων)
861 1350 958 1392 libri
987 1350 1071 1391 XII
1111 1362 1202 1403 cap.
1225 1352 1248 1389 2
1279 1351 1304 1401 ἓ
1335 1352 1358 1390 3
1399 1362 1546 1391 uersus
1585 1348 1725 1392 finem.
1784 1349 1902 1392 initio
1940 1348 2062 1392 deest

395 1422 511 1475 nihil,
543 1424 587 1462 ut
617 1419 914 1472 antiquitatum
945 1417 1041 1459 libri
1061 1417 1102 1459 X
1131 1417 1292 1470 priores
1323 1417 1475 1470 integri
1497 1420 1653 1458 extent.
1704 1415 1786 1458 tria
1816 1416 1915 1458 libri
1937 1415 2061 1470 primi

394 1489 496 1531 folia
534 1488 672 1530 locum
710 1488 998 1538 mutauerunt3
1036 1498 1134 1526 nam
1167 1483 1279 1537 quod
1311 1496 1420 1525 nunc
1451 1487 1515 1526 est
1544 1483 1614 1526 fol.
1638 1486 1691 1525 65
1714 1484 1772 1537 (p.
1796 1486 1833 1537 6,
1857 1486 1881 1525 6
1914 1482 1952 1525 εἰ
1981 1498 2061 1537 με-

395 1554 750 1608 ταδιδόναι-1).
775 1556 812 1607 9,
836 1558 858 1594 5
891 1550 1156 1604 πνεύματος)
1188 1551 1298 1593 inter
1337 1551 1439 1593 folia
1471 1553 1494 1591 2
1528 1554 1569 1593 et
1600 1553 1647 1604 3,
1687 1564 1796 1604 quae
1826 1563 1936 1593 nunc
1964 1556 2063 1593 sunt

394 1624 466 1665 fol.
492 1627 540 1664 15
575 1623 632 1676 (p.
656 1624 721 1672 32,
748 1624 798 1661 16
829 1615 1119 1673 ὀνομάζονται
1137 1633 1244 1672 —p.
1268 1620 1332 1671 38,
1355 1621 1376 1658 7
1415 1617 1649 1673 Ναχώρου)
1690 1623 1731 1660 et
1770 1621 1823 1660 64
1863 1617 1923 1672 (p.
1947 1619 2013 1671 38,
2036 1619 2059 1658 7

396 1689 623 1738 2-ccczoeg—
642 1701 681 1741 p.
706 1689 772 1740 42,
799 1690 846 1727 12
879 1682 995 1740 κατ’)
1025 1687 1132 1728 inter
1163 1687 1265 1728 folia
1297 1689 1320 1726 S
1352 1691 1393 1727 et
1424 1688 1448 1726 9
1481 1685 1580 1727 olim
1612 1686 1828 1728 extabant.
1878 1685 1922 1728 in
1949 1697 2056 1728 mar-

396 1758 494 1812 gine
516 1759 609 1798 sunt
631 1755 812 1809 scriptae
842 1767 1004 1808 paucae
1025 1754 1169 1795 uariae
1191 1753 1405 1805 lectiones,
1436 1752 1598 1794 numeri
1621 1753 1819 1807 capitum,
1850 1753 2063 1796 interdum

397 1823 570 1866 indiculi
601 1835 737 1865 rerum
767 1826 1002 1874 gestarum,
1042 1821 1222 1873 denique
1261 1820 1346 1861 alia
1387 1820 1458 1862 uix
1499 1820 1802 1862 memorabilia.
1863 1820 2063 1864 adiuncta

397 1896 493 1934 sunt
523 1903 631 1932 nunc
661 1894 821 1943 septem
854 1889 956 1930 folia
987 1902 1039 1930 ex
1071 1887 1216 1930 codice
1245 1887 1424 1941 Libanii,
1457 1887 1527 1939 qui
1558 1886 1601 1928 in
1631 1887 1777 1929 charta
1810 1888 2065 1942 bombycina

398 1964 488 2001 crat
518 1957 696 2010 scriptus
728 1957 896 1999 saeculo
917 1957 1020 1998 XIII
1051 1961 1123 1998 aut
1143 1955 1254 1997 XIV.
1307 1969 1449 1997 eorum
1481 1955 1637 2008 pagina
1666 1954 1803 2008 prima
1833 1953 1961 1997 ualde
1992 1954 2061 1998 de-

395 2027 492 2068 trita
531 2029 611 2067 cst:
651 2023 691 2065 in
729 2025 814 2065 ima
855 2023 1011 2078 pagina
1050 2023 1202 2076 legitur
1244 2022 1397 2075 διδαχῇ
1429 2023 1498 2063 καὶ
1540 2030 1634 2070 ’τοῖς
1665 2020 1954 2076 ἐγνωωμέιόις
1983 2017 2063 2064 τᾶ-

397 2092 533 2149 (Ῑ-ανὲς
555 2090 839 2144 ἐξελέγχεται·
874 2085 969 2131 ἀλλ’
997 2089 1034 2131 εἰ
1058 2090 1174 2131 δοκεῖ
1205 2091 1274 2131 καὶ
1298 2091 1427 2130 τοί-το
1461 2091 1613 2141 θῶμεν
1645 2088 1844 2142 ἐμμενεῖν
1877 2090 1935 2143 (Ῥ)
1962 2090 1967 2144 Ι
1996 2088 2064 2139 οἷς

398 2157 672 2211 ὑπισχνεῖται
696 2159 766 2199 καὶ
791 2157 1041 2214 πληρώσειν
1061 2157 1136 2199 τὸν
1158 2157 1297 2211 γάμον
1319 2171 1353 2199 e.
1373 2170 1411 2209 q.
1430 2170 1460 2198 S.
1498 2157 1568 2200 fol.
1588 2161 1650 2199 4¹:
1674 2155 1795 2206 ἐκὸῦς
1816 2156 1894 2212 τήν
1915 2152 2060 2213 ὀργὴν.

396 2222 547 2281 ὥσπερ
571 2225 718 2275 νόσον,
752 2224 923 2281 φάνηθι
950 2234 1039 2274 τοῖς
1059 2225 1299 2280 βαρβάροις
1330 2219 1420 2277 ἅμα
1442 2226 1501 2265 ru]
1526 2221 1633 2279 ἧλίω
1665 2231 1717 2274 —l—
1749 2222 2063 2278 πρεσβειτικός

397 2292 510 2348 πρὸς
542 2289 738 2345 ἀχιλ).έα;
771 2306 820 2331 ’ν
862 2314 865 2316 -

512 2355 814 2416 ἀιίἰρρητικὸς
845 2358 959 2411 πρὸς
998 2358 1072 2401 τὸν
1112 2358 1474 2415 προηγησάμενον
1519 2360 1739 2413 infimior:
1774 2373 1821 2398 w
1851 2359 1896 2413 (i.
1927 2373 2058 2414 marg.

398 2427 524 2482 λόγος
555 2427 646 2481 μβ)
667 2422 766 2469 ’Ότε
802 2428 978 2480 πρῶτον
1010 2423 1121 2479 ὗμᾱς
1151 2424 1268 2467 elom
1290 2441 1324 2469 e.
1348 2442 1385 2479 q.
1409 2441 1439 2469 s.
1463 2427 1564 2470 (uid.
1589 2427 1735 2469 Liban.
1759 2427 1841 2469 uol.
1863 2427 1922 2470 IV
1942 2441 1982 2482 p.
2006 2428 2056 2468 47

398 2496 587 2548 Reiskc).
647 2495 925 2548 praemissum
956 2498 1019 2537 cst
1049 2493 1183 2536 codici
1215 2495 1359 2536 solium
1392 2508 1516 2536 unum
1548 2507 1872 2549 pergamenum,
1903 2494 1947 2536 in
1978 2507 2061 2547 quo

397 2563 529 2605 oratio
561 2562 615 2603 ad
646 2561 850 2617 uirginem
873 2561 1048 2603 Mariam
1081 2561 1230 2603 litteris
1261 2562 1416 2604 sacculi
1449 2563 1508 2603 xl
1547 2562 1701 2616 scripta
1734 2566 1818 2615 est,
1859 2574 1969 2615 quae
1998 2561 2061 2605 in-

397 2630 513 2684 cipit:
547 2631 834 2684 llmysrwjtop
858 2625 983 2684 ἁγνῇ·
1016 2631 1091 2683 τῆς
1116 2630 1254 2684 ψυχῆς
1284 2631 1366 2681 μοῦ
1392 2627 1445 2669 τὰ
1479 2629 1589 2684 ἕλκῃ.
1623 2629 1793 2672 desini&
1827 2627 1951 2670 δίδοι]
1982 2644 2061 2682 μοι

400 2696 644 2752 mousom
671 2695 713 2737 ἐν
735 2698 891 2752 τροφῇ.
943 2697 1017 2739 suit
1038 2696 1105 2738 hic
1128 2696 1260 2739 codex
1284 2697 1325 2738 iu
1347 2696 1603 2738 bibliotheca
1625 2697 1883 2739 Mccrmanni
1914 2701 2012 2739 tom.
2035 2698 2060 2737 4

399 2778 436 2806 n.
461 2767 552 2816 5377,
586 2770 627 2806 ut
660 2764 812 2818 legitur
843 2765 883 2806 in
915 2764 1014 2806 folio
1047 2763 1193 2818 primo.
1244 2769 1369 2806 antea
1401 2764 1477 2805 suit
1499 2764 1698 2805 Guilelmi
1730 2763 1941 2807 I'cllicieri
1972 2763 2059 2819 epi·

396 2831 511 2885 scopi
561 2831 937 2885 Montcpcssulan13
984 2831 1053 2883 qui
1100 2845 1192 2873 cum
1240 2835 1350 2873 esset
1395 2831 1514 2871 annis
1569 2834 1850 2872 lawa—1542
1895 2831 2060 2884 legatus

396 2899 607 2939 Francis-ci
631 2901 646 2940 I
680 2899 789 2952 regis
812 2899 1014 2941 Franciae
1045 2897 1157 2953 apud
1181 2898 1362 2940 venetos
1394 2898 1546 2939 multos
1572 2898 1740 2940 codices
1769 2911 1946 2953 graecos
1975 2898 2060 2940 eol·

396 2965 499 3017 legit
520 2970 593 3007 aut
614 2965 691 3007 sibi
717 2966 1053 3009 transcribcmlos
1075 2965 1249 3008 curauit.
1293 2967 1471 3008 sortasse
1493 2964 1627 3007 codex
1650 2972 1790 3008 noster
1821 2980 1872 3009 cx
1907 2964 2054 3008 biblio-
