<?xml version="1.0" encoding="UTF-8"?>
<!DOCTYPE html PUBLIC "-//W3C//DTD XHTML 1.0 Transitional//EN"
    "http://www.w3.org/TR/xhtml1/DTD/xhtml1-transitional.dtd">
<html xmlns="http://www.w3.org/1999/xhtml" xml:lang="en" lang="en">
 <head>
  <title>
</title>
<meta http-equiv="Content-Type" content="text/html;charset=utf-8" />
  <meta name='ocr-system' content='tesseract 3.04.00' />
  <meta name='ocr-capabilities' content='ocr_page ocr_carea ocr_par ocr_line ocrx_word'/>
</head>
<body>
  <div class='ocr_page' id='page_1' title='image "./operajosephus01joseuoft/operajosephus01joseuoft_0404.png"; bbox 0 0 2160 3439; ppageno 0'>
   <div class='ocr_carea' id='block_1_1' title="bbox 238 857 291 898">
    <p class='ocr_par' dir='ltr' id='par_1_1' title="bbox 238 857 291 898">
     <span class='ocr_line' id='line_1_1' title="bbox 238 857 291 898; baseline 0 0"><span class='ocrx_word' id='word_1_1' title='bbox 238 857 291 898; x_wconf 88' lang='lat'><em>98</em></span> 
     </span>
    </p>
   </div>
   <div class='ocr_carea' id='block_1_2' title="bbox 236 1128 289 1168">
    <p class='ocr_par' dir='ltr' id='par_1_2' title="bbox 236 1128 289 1168">
     <span class='ocr_line' id='line_1_2' title="bbox 236 1128 289 1168; baseline 0 0"><span class='ocrx_word' id='word_1_2' title='bbox 236 1128 289 1168; x_wconf 87' lang='grc'><em>99</em></span> 
     </span>
    </p>
   </div>
   <div class='ocr_carea' id='block_1_3' title="bbox 209 1399 289 1438">
    <p class='ocr_par' dir='ltr' id='par_1_3' title="bbox 209 1399 289 1438">
     <span class='ocr_line' id='line_1_3' title="bbox 209 1399 289 1438; baseline 0 0"><span class='ocrx_word' id='word_1_3' title='bbox 209 1399 289 1438; x_wconf 92' lang='grc'><em>100</em></span> 
     </span>
    </p>
   </div>
   <div class='ocr_carea' id='block_1_4' title="bbox 208 1601 284 1642">
    <p class='ocr_par' dir='ltr' id='par_1_4' title="bbox 208 1601 284 1642">
     <span class='ocr_line' id='line_1_4' title="bbox 208 1601 284 1642; baseline 0.013 -2"><span class='ocrx_word' id='word_1_4' title='bbox 208 1601 284 1642; x_wconf 91' lang='grc'><em>101</em></span> 
     </span>
    </p>
   </div>
   <div class='ocr_carea' id='block_1_5' title="bbox 323 202 1510 248">
    <p class='ocr_par' dir='ltr' id='par_1_5' title="bbox 323 202 1510 248">
     <span class='ocr_line' id='line_1_5' title="bbox 323 202 1510 248; baseline -0.003 -7"><span class='ocrx_word' id='word_1_5' title='bbox 323 203 405 242; x_wconf 84' lang='grc'><em>312</em></span> <span class='ocrx_word' id='word_1_6' title='bbox 799 202 963 247; x_wconf 79' lang='lat' dir='ltr'><strong>ANTIQ.</strong></span> <span class='ocrx_word' id='word_1_7' title='bbox 988 202 1084 238; x_wconf 82' lang='lat' dir='ltr'><em>mn.</em></span> <span class='ocrx_word' id='word_1_8' title='bbox 1109 202 1143 238; x_wconf 87' lang='lat' dir='ltr'><strong>V</strong></span> <span class='ocrx_word' id='word_1_9' title='bbox 1167 205 1320 240; x_wconf 85' lang='lat'>96—101</span> <span class='ocrx_word' id='word_1_10' title='bbox 1347 206 1439 247; x_wconf 78' lang='lat'><strong>(125.</strong></span> <span class='ocrx_word' id='word_1_11' title='bbox 1454 208 1510 248; x_wconf 83' lang='lat'><em>26)</em></span> 
     </span>
    </p>
   </div>
   <div class='ocr_carea' id='block_1_6' title="bbox 318 310 1993 1927">
    <p class='ocr_par' dir='ltr' id='par_1_6' title="bbox 319 310 1993 1385">
     <span class='ocr_line' id='line_1_6' title="bbox 323 310 1992 396; baseline 0.003 -38"><span class='ocrx_word' id='word_1_12' title='bbox 323 318 394 358; x_wconf 82' lang='grc' dir='ltr'><em>καὶ</em></span> <span class='ocrx_word' id='word_1_13' title='bbox 427 314 542 370; x_wconf 86' lang='grc' dir='ltr'><em>πρὸς</em></span> <span class='ocrx_word' id='word_1_14' title='bbox 572 310 597 358; x_wconf 77' lang='grc' dir='ltr'>ὅ</span> <span class='ocrx_word' id='word_1_15' title='bbox 627 331 671 357; x_wconf 91' lang='grc' dir='ltr'><em>τι</em></span> <span class='ocrx_word' id='word_1_16' title='bbox 700 315 995 372; x_wconf 73' lang='grc' dir='ltr'><strong><em>βουληθείητε</em></strong></span> <span class='ocrx_word' id='word_1_17' title='bbox 1024 310 1124 357; x_wconf 65' lang='grc' dir='ltr'><em>κατ’</em></span> <span class='ocrx_word' id='word_1_18' title='bbox 1152 311 1342 374; x_wconf 75' lang='grc' dir='ltr'><em>ἀμοιβὴν</em></span> <span class='ocrx_word' id='word_1_19' title='bbox 1372 317 1625 396; x_wconf 74' lang='grc' dir='ltr'><strong><em>πρόθυμον.</em></strong></span> <span class='ocrx_word' id='word_1_20' title='bbox 1687 316 1786 362; x_wconf 77' lang='grc' dir='ltr'><em>οὔτε</em></span> <span class='ocrx_word' id='word_1_21' title='bbox 1815 319 1898 376; x_wconf 84' lang='grc' dir='ltr'><em>γὰρ</em></span> <span class='ocrx_word' id='word_1_22' title='bbox 1929 317 1992 363; x_wconf 78' lang='grc' dir='ltr'><em>ῶν</em></span> 
     </span>
     <span class='ocr_line' id='line_1_7' title="bbox 323 378 1991 443; baseline 0.004 -19.034"><span class='ocrx_word' id='word_1_23' title='bbox 323 383 524 438; x_wconf 74' lang='grc' dir='ltr'><em>Μωυσῆς</em></span> <span class='ocrx_word' id='word_1_24' title='bbox 563 391 780 437; x_wconf 79' lang='grc' dir='ltr'><em>προεῖπεν</em></span> <span class='ocrx_word' id='word_1_25' title='bbox 828 378 1138 440; x_wconf 71' lang='grc' dir='ltr'><em>ἀπελείφθητε</em></span> <span class='ocrx_word' id='word_1_26' title='bbox 1181 385 1595 442; x_wconf 78' lang='grc' dir='ltr'><em>καταφρονήσαντες</em></span> <span class='ocrx_word' id='word_1_27' title='bbox 1642 385 1689 437; x_wconf 82' lang='grc' dir='ltr'><em>εξ</em></span> <span class='ocrx_word' id='word_1_28' title='bbox 1733 382 1991 443; x_wconf 73' lang='grc' dir='ltr'><em>ἀνθρώπων</em></span> 
     </span>
     <span class='ocr_line' id='line_1_8' title="bbox 326 445 1989 509; baseline 0.006 -19.16"><span class='ocrx_word' id='word_1_29' title='bbox 326 445 606 499; x_wconf 73' lang='grc' dir='ltr'><em>ἀπελθόντος</em></span> <span class='ocrx_word' id='word_1_30' title='bbox 637 466 713 492; x_wconf 90' lang='grc' dir='ltr'><em>ουτ</em></span> <span class='ocrx_word' id='word_1_31' title='bbox 757 448 876 493; x_wconf 77' lang='grc' dir='ltr'><em>ἐστιν</em></span> <span class='ocrx_word' id='word_1_32' title='bbox 908 446 1033 493; x_wconf 85' lang='grc' dir='ltr'><em>ουδὲν</em></span> <span class='ocrx_word' id='word_1_33' title='bbox 1065 446 1138 507; x_wconf 71' lang='grc' dir='ltr'><em>ἐφ’</em></span> <span class='ocrx_word' id='word_1_34' title='bbox 1165 453 1198 506; x_wconf 76' lang='grc' dir='ltr'><strong><em>ιρ</em></strong></span> <span class='ocrx_word' id='word_1_35' title='bbox 1231 449 1289 507; x_wconf 87' lang='grc' dir='ltr'><em>μὴ</em></span> <span class='ocrx_word' id='word_1_36' title='bbox 1327 452 1454 507; x_wconf 82' lang='grc' dir='ltr'><em>χάριν</em></span> <span class='ocrx_word' id='word_1_37' title='bbox 1493 450 1594 507; x_wconf 76' lang='grc' dir='ltr'><em>ύμῖν</em></span> <span class='ocrx_word' id='word_1_38' title='bbox 1635 454 1832 509; x_wconf 84' lang='grc' dir='ltr'><em>οι’.δαμεν</em></span> <span class='ocrx_word' id='word_1_39' title='bbox 1888 459 1989 509; x_wconf 88' lang='grc' dir='ltr'><em>χαί-</em></span> 
     </span>
     <span class='ocr_line' id='line_1_9' title="bbox 324 513 1990 577; baseline 0.005 -19"><span class='ocrx_word' id='word_1_40' title='bbox 324 532 481 571; x_wconf 86' lang='grc' dir='ltr'><em>ροντας</em></span> <span class='ocrx_word' id='word_1_41' title='bbox 512 515 587 559; x_wconf 82' lang='grc' dir='ltr'><em>οὐν</em></span> <span class='ocrx_word' id='word_1_42' title='bbox 618 513 732 571; x_wconf 71' lang='grc' dir='ltr'><em>ὑμᾶς</em></span> <span class='ocrx_word' id='word_1_43' title='bbox 763 516 836 560; x_wconf 83' lang='grc' dir='ltr'><em>επὶ</em></span> <span class='ocrx_word' id='word_1_44' title='bbox 869 516 949 567; x_wconf 83' lang='grc' dir='ltr'><em>τὰς</em></span> <span class='ocrx_word' id='word_1_45' title='bbox 978 518 1238 574; x_wconf 81' lang='grc' dir='ltr'><em>κληρουχίας</em></span> <span class='ocrx_word' id='word_1_46' title='bbox 1269 513 1524 574; x_wconf 69' lang='grc' dir='ltr'><em>ἀπολύομεν</em></span> <span class='ocrx_word' id='word_1_47' title='bbox 1554 524 1628 565; x_wconf 86' lang='grc' dir='ltr'><em>καὶ</em></span> <span class='ocrx_word' id='word_1_48' title='bbox 1648 523 1990 577; x_wconf 80' lang='grc' dir='ltr'><em>παρακαλοῦμεν</em></span> 
     </span>
     <span class='ocr_line' id='line_1_10' title="bbox 321 580 1990 647; baseline 0.005 -22"><span class='ocrx_word' id='word_1_49' title='bbox 321 583 488 638; x_wconf 79' lang='grc' dir='ltr'><em>μηδένα</em></span> <span class='ocrx_word' id='word_1_50' title='bbox 525 586 602 641; x_wconf 81' lang='grc' dir='ltr'><em>τῆς</em></span> <span class='ocrx_word' id='word_1_51' title='bbox 640 584 755 640; x_wconf 86' lang='grc' dir='ltr'><em>πρὸς</em></span> <span class='ocrx_word' id='word_1_52' title='bbox 791 582 907 642; x_wconf 79' lang='grc' dir='ltr'><em>ἡμᾶς</em></span> <span class='ocrx_word' id='word_1_53' title='bbox 947 589 1198 641; x_wconf 81' lang='grc' dir='ltr'><em>συγγενείας</em></span> <span class='ocrx_word' id='word_1_54' title='bbox 1243 580 1348 640; x_wconf 92' lang='grc' dir='ltr'><em>όρον</em></span> <span class='ocrx_word' id='word_1_55' title='bbox 1386 583 1741 643; x_wconf 78' lang='grc' dir='ltr'><em>υπολαμβάνειν,</em></span> <span class='ocrx_word' id='word_1_56' title='bbox 1787 585 1892 647; x_wconf 77' lang='grc' dir='ltr'><em>μηδ’</em></span> <span class='ocrx_word' id='word_1_57' title='bbox 1919 585 1990 634; x_wconf 80' lang='grc' dir='ltr'><em>ὅτι</em></span> 
     </span>
     <span class='ocr_line' id='line_1_11' title="bbox 321 650 1990 713; baseline 0.006 -22"><span class='ocrx_word' id='word_1_58' title='bbox 321 650 484 704; x_wconf 74' lang='grc' dir='ltr'><em>μεταξὺ</em></span> <span class='ocrx_word' id='word_1_59' title='bbox 501 651 705 706; x_wconf 86' lang='grc' dir='ltr'><em>ποταμὸς</em></span> <span class='ocrx_word' id='word_1_60' title='bbox 722 652 850 703; x_wconf 84' lang='grc' dir='ltr'><em>οὑτός</em></span> <span class='ocrx_word' id='word_1_61' title='bbox 867 652 986 695; x_wconf 78' lang='grc' dir='ltr'><em>ἐστιν</em></span> <span class='ocrx_word' id='word_1_62' title='bbox 1003 652 1179 708; x_wconf 86' lang='grc' dir='ltr'><em>ετέρους</em></span> <span class='ocrx_word' id='word_1_63' title='bbox 1195 650 1310 710; x_wconf 73' lang='grc' dir='ltr'><em>ἡμᾶς</em></span> <span class='ocrx_word' id='word_1_64' title='bbox 1326 658 1533 711; x_wconf 83' lang='grc' dir='ltr'><em>νομίσητε</em></span> <span class='ocrx_word' id='word_1_65' title='bbox 1548 657 1622 698; x_wconf 86' lang='grc' dir='ltr'><em>καὶ</em></span> <span class='ocrx_word' id='word_1_66' title='bbox 1639 652 1732 709; x_wconf 79' lang='grc' dir='ltr'><em>οὐχὶ</em></span> <span class='ocrx_word' id='word_1_67' title='bbox 1749 653 1990 713; x_wconf 82' lang='grc' dir='ltr'><em>Ἑβραίους.</em></span> 
     </span>
     <span class='ocr_line' id='line_1_12' title="bbox 320 714 1991 777; baseline 0.004 -17"><span class='ocrx_word' id='word_1_68' title='bbox 320 716 543 773; x_wconf 75' lang='grc' dir='ltr'><em>Ἀβράμου</em></span> <span class='ocrx_word' id='word_1_69' title='bbox 574 718 656 775; x_wconf 81' lang='grc' dir='ltr'><em>γὰρ</em></span> <span class='ocrx_word' id='word_1_70' title='bbox 689 714 885 771; x_wconf 73' lang='grc' dir='ltr'><em>ἅπαντές</em></span> <span class='ocrx_word' id='word_1_71' title='bbox 916 735 1046 774; x_wconf 89' lang='grc' dir='ltr'><em>εσμεν</em></span> <span class='ocrx_word' id='word_1_72' title='bbox 1068 721 1115 763; x_wconf 79' lang='grc' dir='ltr'><em>οἵ</em></span> <span class='ocrx_word' id='word_1_73' title='bbox 1131 716 1173 762; x_wconf 73' lang='grc' dir='ltr'><em>τ’</em></span> <span class='ocrx_word' id='word_1_74' title='bbox 1201 720 1364 763; x_wconf 86' lang='grc' dir='ltr'><em>ενθάδε</em></span> <span class='ocrx_word' id='word_1_75' title='bbox 1391 717 1514 764; x_wconf 80' lang='grc' dir='ltr'><em>κᾶκεῖ</em></span> <span class='ocrx_word' id='word_1_76' title='bbox 1532 726 1848 777; x_wconf 85' lang='grc' dir='ltr'><em>κατοικοῦντες,</em></span> <span class='ocrx_word' id='word_1_77' title='bbox 1880 724 1991 776; x_wconf 88' lang='grc' dir='ltr'><em>θεός</em></span> 
     </span>
     <span class='ocr_line' id='line_1_13' title="bbox 321 785 1990 848; baseline 0.004 -21"><span class='ocrx_word' id='word_1_78' title='bbox 321 801 371 827; x_wconf 89' lang='grc' dir='ltr'><em>τε</em></span> <span class='ocrx_word' id='word_1_79' title='bbox 402 785 476 838; x_wconf 80' lang='grc' dir='ltr'><em>εἷς,</em></span> <span class='ocrx_word' id='word_1_80' title='bbox 509 785 559 836; x_wconf 85' lang='grc' dir='ltr'><em>ὂς</em></span> <span class='ocrx_word' id='word_1_81' title='bbox 588 803 691 837; x_wconf 89' lang='grc' dir='ltr'><em>τους</em></span> <span class='ocrx_word' id='word_1_82' title='bbox 711 804 759 830; x_wconf 90' lang='grc' dir='ltr'><em>τε</em></span> <span class='ocrx_word' id='word_1_83' title='bbox 788 785 1025 844; x_wconf 78' lang='grc' dir='ltr'><em>ἡμετέρους</em></span> <span class='ocrx_word' id='word_1_84' title='bbox 1052 787 1297 844; x_wconf 73' lang='grc' dir='ltr'><em>προγόνους</em></span> <span class='ocrx_word' id='word_1_85' title='bbox 1316 790 1387 830; x_wconf 83' lang='grc' dir='ltr'><em>καὶ</em></span> <span class='ocrx_word' id='word_1_86' title='bbox 1410 788 1514 839; x_wconf 82' lang='grc' dir='ltr'><em>τούς</em></span> <span class='ocrx_word' id='word_1_87' title='bbox 1533 786 1655 843; x_wconf 68' lang='grc' dir='ltr'><em>ὑμῶν</em></span> <span class='ocrx_word' id='word_1_88' title='bbox 1678 786 1821 833; x_wconf 75' lang='grc' dir='ltr'><em>αὐτῶν</em></span> <span class='ocrx_word' id='word_1_89' title='bbox 1842 790 1990 848; x_wconf 89' lang='grc' dir='ltr'><em>παρή-</em></span> 
     </span>
     <span class='ocr_line' id='line_1_14' title="bbox 321 852 1989 911; baseline 0.004 -16"><span class='ocrx_word' id='word_1_90' title='bbox 321 869 451 908; x_wconf 90' lang='grc' dir='ltr'><em>γαγεν</em></span> <span class='ocrx_word' id='word_1_91' title='bbox 483 852 546 904; x_wconf 87' lang='grc' dir='ltr'><em>εἷς</em></span> <span class='ocrx_word' id='word_1_92' title='bbox 574 853 653 896; x_wconf 86' lang='grc' dir='ltr'><em>τὸν</em></span> <span class='ocrx_word' id='word_1_93' title='bbox 681 858 894 909; x_wconf 85' lang='grc' dir='ltr'><em>βίον·οὑ</em></span> <span class='ocrx_word' id='word_1_94' title='bbox 925 858 1003 911; x_wconf 83' lang='grc' dir='ltr'><em>τῆς</em></span> <span class='ocrx_word' id='word_1_95' title='bbox 1043 858 1287 911; x_wconf 76' lang='grc' dir='ltr'><em>θρησκείας</em></span> <span class='ocrx_word' id='word_1_96' title='bbox 1318 854 1611 910; x_wconf 77' lang='grc' dir='ltr'><em>ἐπιμελεῖσθε</em></span> <span class='ocrx_word' id='word_1_97' title='bbox 1639 859 1712 900; x_wconf 89' lang='grc' dir='ltr'><em>καὶ</em></span> <span class='ocrx_word' id='word_1_98' title='bbox 1743 859 1989 911; x_wconf 88' lang='grc' dir='ltr'><em>πολιτείας,</em></span> 
     </span>
     <span class='ocr_line' id='line_1_15' title="bbox 320 916 1992 980; baseline 0.004 -17"><span class='ocrx_word' id='word_1_99' title='bbox 320 919 372 976; x_wconf 80' lang='grc' dir='ltr'><em>ἣν</em></span> <span class='ocrx_word' id='word_1_100' title='bbox 416 916 549 971; x_wconf 78' lang='grc' dir='ltr'><em>αὐτὸς</em></span> <span class='ocrx_word' id='word_1_101' title='bbox 589 921 663 965; x_wconf 83' lang='grc' dir='ltr'><em>διὰ</em></span> <span class='ocrx_word' id='word_1_102' title='bbox 703 925 926 973; x_wconf 73' lang='grc' dir='ltr'><em>,Μωυσέος</em></span> <span class='ocrx_word' id='word_1_103' title='bbox 967 922 1160 975; x_wconf 81' lang='grc' dir='ltr'><em>διέταξε,</em></span> <span class='ocrx_word' id='word_1_104' title='bbox 1201 922 1399 979; x_wconf 82' lang='grc' dir='ltr'><em>φυλακὴν</em></span> <span class='ocrx_word' id='word_1_105' title='bbox 1441 924 1558 978; x_wconf 75' lang='grc' dir='ltr'><em>ἔχετε</em></span> <span class='ocrx_word' id='word_1_106' title='bbox 1597 924 1675 980; x_wconf 92' lang='grc' dir='ltr'><em>τὴν</em></span> <span class='ocrx_word' id='word_1_107' title='bbox 1714 927 1886 978; x_wconf 82' lang='grc' dir='ltr'><em>πᾶσαν,</em></span> <span class='ocrx_word' id='word_1_108' title='bbox 1930 923 1992 977; x_wconf 85' lang='grc' dir='ltr'><em>ῶς</em></span> 
     </span>
     <span class='ocr_line' id='line_1_16' title="bbox 322 987 1991 1046; baseline 0.004 -16"><span class='ocrx_word' id='word_1_109' title='bbox 322 987 598 1042; x_wconf 74' lang='grc' dir='ltr'><em>ἐμμενόντων</em></span> <span class='ocrx_word' id='word_1_110' title='bbox 628 989 707 1044; x_wconf 83' lang='grc' dir='ltr'><em>μὲν</em></span> <span class='ocrx_word' id='word_1_111' title='bbox 736 989 912 1041; x_wconf 80' lang='grc' dir='ltr'><em>τούτοις</em></span> <span class='ocrx_word' id='word_1_112' title='bbox 942 991 1016 1033; x_wconf 86' lang='grc' dir='ltr'><em>καὶ</em></span> <span class='ocrx_word' id='word_1_113' title='bbox 1040 992 1118 1033; x_wconf 86' lang='grc' dir='ltr'><em>τοῦ</em></span> <span class='ocrx_word' id='word_1_114' title='bbox 1148 992 1260 1032; x_wconf 84' lang='grc' dir='ltr'><em>θεοῦ</em></span> <span class='ocrx_word' id='word_1_115' title='bbox 1291 990 1561 1046; x_wconf 79' lang='grc' dir='ltr'><em>παρέξοντος</em></span> <span class='ocrx_word' id='word_1_116' title='bbox 1593 989 1743 1035; x_wconf 73' lang='grc' dir='ltr'><em>εὔνουν</em></span> <span class='ocrx_word' id='word_1_117' title='bbox 1774 990 1888 1036; x_wconf 83' lang='grc' dir='ltr'><em>εἶναι</em></span> <span class='ocrx_word' id='word_1_118' title='bbox 1916 995 1991 1036; x_wconf 87' lang='grc' dir='ltr'><em>καὶ</em></span> 
     </span>
     <span class='ocr_line' id='line_1_17' title="bbox 322 1055 1992 1117; baseline 0.004 -19"><span class='ocrx_word' id='word_1_119' title='bbox 322 1055 548 1110; x_wconf 84' lang='grc' dir='ltr'><em>σύμμαχον</em></span> <span class='ocrx_word' id='word_1_120' title='bbox 580 1055 749 1110; x_wconf 80' lang='grc' dir='ltr'><em>ἑαυτόν,</em></span> <span class='ocrx_word' id='word_1_121' title='bbox 783 1057 1085 1114; x_wconf 79' lang='grc' dir='ltr'><em>ἐκτραπέντων</em></span> <span class='ocrx_word' id='word_1_122' title='bbox 1117 1058 1164 1100; x_wconf 84' lang='grc' dir='ltr'><em>δὲ</em></span> <span class='ocrx_word' id='word_1_123' title='bbox 1197 1058 1259 1109; x_wconf 83' lang='grc' dir='ltr'><em>εἷς</em></span> <span class='ocrx_word' id='word_1_124' title='bbox 1290 1058 1450 1115; x_wconf 78' lang='grc' dir='ltr'><em>ἑτέρων</em></span> <span class='ocrx_word' id='word_1_125' title='bbox 1481 1057 1627 1102; x_wconf 78' lang='grc' dir='ltr'><em>ἐθνῶν</em></span> <span class='ocrx_word' id='word_1_126' title='bbox 1656 1064 1844 1117; x_wconf 87' lang='grc' dir='ltr'><em>μίμησιν</em></span> <span class='ocrx_word' id='word_1_127' title='bbox 1875 1056 1992 1104; x_wconf 82' lang='grc' dir='ltr'><em>ἆπο-</em></span> 
     </span>
     <span class='ocr_line' id='line_1_18' title="bbox 323 1123 1993 1181; baseline 0.002 -15"><span class='ocrx_word' id='word_1_128' title='bbox 323 1127 688 1181; x_wconf 77' lang='grc' dir='ltr'><em>στραφησομένου</em></span> <span class='ocrx_word' id='word_1_129' title='bbox 718 1124 768 1168; x_wconf 86' lang='grc' dir='ltr'><em>τὸ</em></span> <span class='ocrx_word' id='word_1_130' title='bbox 800 1128 924 1181; x_wconf 88' lang='grc' dir='ltr'><em>γένος</em></span> <span class='ocrx_word' id='word_1_131' title='bbox 968 1123 1134 1179; x_wconf 78' lang='grc' dir='ltr'><em>ὖμῶν.“</em></span> <span class='ocrx_word' id='word_1_132' title='bbox 1191 1128 1331 1169; x_wconf 85' lang='grc' dir='ltr'><em>ταῦτα</em></span> <span class='ocrx_word' id='word_1_133' title='bbox 1369 1126 1510 1169; x_wconf 81' lang='grc' dir='ltr'><em>εἰπών</em></span> <span class='ocrx_word' id='word_1_134' title='bbox 1544 1127 1618 1169; x_wconf 86' lang='grc' dir='ltr'><em>καὶ</em></span> <span class='ocrx_word' id='word_1_135' title='bbox 1647 1123 1757 1169; x_wconf 72' lang='grc' dir='ltr'><em>καθ’</em></span> <span class='ocrx_word' id='word_1_136' title='bbox 1785 1127 1860 1170; x_wconf 74' lang='grc' dir='ltr'><em>ἕνα</em></span> <span class='ocrx_word' id='word_1_137' title='bbox 1888 1126 1993 1179; x_wconf 80' lang='grc' dir='ltr'><em>τοὺς</em></span> 
     </span>
     <span class='ocr_line' id='line_1_19' title="bbox 322 1188 1992 1250; baseline 0.002 -16"><span class='ocrx_word' id='word_1_138' title='bbox 322 1191 366 1234; x_wconf 76' lang='grc' dir='ltr'><em>ἐν</em></span> <span class='ocrx_word' id='word_1_139' title='bbox 396 1193 514 1235; x_wconf 87' lang='grc' dir='ltr'><em>τέλει</em></span> <span class='ocrx_word' id='word_1_140' title='bbox 543 1194 615 1236; x_wconf 86' lang='grc' dir='ltr'><em>καὶ</em></span> <span class='ocrx_word' id='word_1_141' title='bbox 631 1195 771 1250; x_wconf 59' lang='grc' dir='ltr'><em>*κοινῇ</em></span> <span class='ocrx_word' id='word_1_142' title='bbox 800 1192 850 1236; x_wconf 84' lang='grc' dir='ltr'><em>τὸ</em></span> <span class='ocrx_word' id='word_1_143' title='bbox 884 1194 1064 1249; x_wconf 88' lang='grc' dir='ltr'><em>πλῆθος</em></span> <span class='ocrx_word' id='word_1_144' title='bbox 1097 1188 1240 1236; x_wconf 75' lang='grc' dir='ltr'><em>αὐτῶν</em></span> <span class='ocrx_word' id='word_1_145' title='bbox 1278 1190 1598 1248; x_wconf 78' lang='grc' dir='ltr'><em>ἀσπασάμενος</em></span> <span class='ocrx_word' id='word_1_146' title='bbox 1629 1189 1761 1245; x_wconf 65' lang='grc' dir='ltr'><em>αὐτὸς</em></span> <span class='ocrx_word' id='word_1_147' title='bbox 1781 1195 1861 1249; x_wconf 84' lang='grc' dir='ltr'><em>μὲν</em></span> <span class='ocrx_word' id='word_1_148' title='bbox 1881 1191 1992 1238; x_wconf 78' lang='grc' dir='ltr'><em>ὑπέ-</em></span> 
     </span>
     <span class='ocr_line' id='line_1_20' title="bbox 319 1256 1990 1320; baseline 0.002 -18"><span class='ocrx_word' id='word_1_149' title='bbox 319 1275 454 1313; x_wconf 86' lang='grc' dir='ltr'><em>μεινε,</em></span> <span class='ocrx_word' id='word_1_150' title='bbox 486 1259 759 1314; x_wconf 89' lang='grc' dir='ltr'><em>προύπεμπε</em></span> <span class='ocrx_word' id='word_1_151' title='bbox 791 1256 832 1302; x_wconf 77' lang='grc' dir='ltr'><em>δ’</em></span> <span class='ocrx_word' id='word_1_152' title='bbox 861 1256 1019 1311; x_wconf 72' lang='grc' dir='ltr'><em>αὐτοὺς</em></span> <span class='ocrx_word' id='word_1_153' title='bbox 1049 1258 1072 1303; x_wconf 83' lang='lat'><em>0‘</em></span> <span class='ocrx_word' id='word_1_154' title='bbox 1106 1259 1213 1312; x_wconf 84' lang='grc' dir='ltr'><em>λαὸς</em></span> <span class='ocrx_word' id='word_1_155' title='bbox 1244 1257 1321 1304; x_wconf 73' lang='grc' dir='ltr'><em>οὐκ</em></span> <span class='ocrx_word' id='word_1_156' title='bbox 1352 1257 1562 1318; x_wconf 77' lang='grc' dir='ltr'><em>ἀδακρυτὶ</em></span> <span class='ocrx_word' id='word_1_157' title='bbox 1591 1264 1665 1306; x_wconf 89' lang='grc' dir='ltr'><em>καὶ</em></span> <span class='ocrx_word' id='word_1_158' title='bbox 1695 1262 1825 1317; x_wconf 86' lang='grc' dir='ltr'><em>μόλις</em></span> <span class='ocrx_word' id='word_1_159' title='bbox 1856 1257 1990 1320; x_wconf 77' lang='grc' dir='ltr'><em>ἀλλή-</em></span> 
     </span>
     <span class='ocr_line' id='line_1_21' title="bbox 320 1322 750 1385; baseline 0.005 -16"><span class='ocrx_word' id='word_1_160' title='bbox 320 1329 408 1370; x_wconf 88' lang='grc' dir='ltr'><em>λων</em></span> <span class='ocrx_word' id='word_1_161' title='bbox 440 1322 750 1385; x_wconf 71' lang='grc' dir='ltr'><em>ἀπελύθησαν.</em></span> 
     </span>
    </p>

    <p class='ocr_par' dir='ltr' id='par_1_7' title="bbox 318 1390 1992 1927">
     <span class='ocr_line' id='line_1_22' title="bbox 434 1390 1992 1454; baseline 0.002 -17"><span class='ocrx_word' id='word_1_162' title='bbox 434 1398 502 1438; x_wconf 86' lang='grc'><em>26.</em></span> <span class='ocrx_word' id='word_1_163' title='bbox 547 1397 760 1450; x_wconf 77' lang='grc' dir='ltr'><em>Διαβᾶσα</em></span> <span class='ocrx_word' id='word_1_164' title='bbox 791 1395 837 1438; x_wconf 80' lang='grc' dir='ltr'><em>δὲ</em></span> <span class='ocrx_word' id='word_1_165' title='bbox 867 1394 944 1438; x_wconf 86' lang='grc' dir='ltr'><em>τὸν</em></span> <span class='ocrx_word' id='word_1_166' title='bbox 975 1395 1180 1450; x_wconf 87' lang='grc' dir='ltr'><em>ποταμὸν</em></span> <span class='ocrx_word' id='word_1_167' title='bbox 1222 1390 1246 1452; x_wconf 72' lang='grc' dir='ltr'><strong><em>ἥ</em></strong></span> <span class='ocrx_word' id='word_1_168' title='bbox 1275 1412 1324 1438; x_wconf 90' lang='grc' dir='ltr'><em>τε</em></span> <span class='ocrx_word' id='word_1_169' title='bbox 1349 1393 1571 1454; x_wconf 83' lang='grc' dir='ltr'><em>Ῥουβηλὶς</em></span> <span class='ocrx_word' id='word_1_170' title='bbox 1603 1396 1717 1454; x_wconf 80' lang='grc' dir='ltr'><em>φυλὴ</em></span> <span class='ocrx_word' id='word_1_171' title='bbox 1750 1399 1822 1441; x_wconf 85' lang='grc' dir='ltr'><em>καὶ</em></span> <span class='ocrx_word' id='word_1_172' title='bbox 1855 1397 1992 1448; x_wconf 83' lang='grc' dir='ltr'><em>Γαδὶς</em></span> 
     </span>
     <span class='ocr_line' id='line_1_23' title="bbox 319 1457 1992 1522; baseline 0.001 -17"><span class='ocrx_word' id='word_1_173' title='bbox 319 1464 391 1505; x_wconf 85' lang='grc' dir='ltr'><em>καὶ</em></span> <span class='ocrx_word' id='word_1_174' title='bbox 430 1457 531 1506; x_wconf 74' lang='grc' dir='ltr'><em>ὅσοι</em></span> <span class='ocrx_word' id='word_1_175' title='bbox 567 1465 654 1505; x_wconf 84' lang='grc' dir='ltr'><em>τῶν</em></span> <span class='ocrx_word' id='word_1_176' title='bbox 694 1466 1012 1520; x_wconf 80' lang='grc' dir='ltr'><em>Μανασσητῶν</em></span> <span class='ocrx_word' id='word_1_177' title='bbox 1058 1461 1208 1514; x_wconf 82' lang='grc' dir='ltr'><em>αὐτοῖς</em></span> <span class='ocrx_word' id='word_1_178' title='bbox 1253 1468 1514 1507; x_wconf 86' lang='grc' dir='ltr'><em>συνείποντο</em></span> <span class='ocrx_word' id='word_1_179' title='bbox 1558 1463 1710 1519; x_wconf 72' lang='grc' dir='ltr'><em>βωμὸν</em></span> <span class='ocrx_word' id='word_1_180' title='bbox 1756 1461 1870 1520; x_wconf 74' lang='grc' dir='ltr'><em>ὑπὲρ</em></span> <span class='ocrx_word' id='word_1_181' title='bbox 1913 1466 1992 1522; x_wconf 88' lang='grc' dir='ltr'><em>τῆς</em></span> 
     </span>
     <span class='ocr_line' id='line_1_24' title="bbox 319 1526 1991 1590; baseline 0.002 -18"><span class='ocrx_word' id='word_1_182' title='bbox 319 1526 460 1588; x_wconf 71' lang='grc' dir='ltr'><em>ὄχθης</em></span> <span class='ocrx_word' id='word_1_183' title='bbox 492 1530 718 1583; x_wconf 78' lang='grc' dir='ltr'><em>ἱδρύονται</em></span> <span class='ocrx_word' id='word_1_184' title='bbox 746 1533 826 1574; x_wconf 84' lang='grc' dir='ltr'><em>τοῦ</em></span> <span class='ocrx_word' id='word_1_185' title='bbox 850 1527 1091 1586; x_wconf 83' lang='grc' dir='ltr'><em>Ἰορδάνου,</em></span> <span class='ocrx_word' id='word_1_186' title='bbox 1131 1540 1343 1589; x_wconf 90' lang='grc' dir='ltr'><em>μνημεῖον</em></span> <span class='ocrx_word' id='word_1_187' title='bbox 1372 1541 1467 1582; x_wconf 90' lang='grc' dir='ltr'><em>τοῖς</em></span> <span class='ocrx_word' id='word_1_188' title='bbox 1504 1531 1662 1575; x_wconf 75' lang='grc' dir='ltr'><em>ἔπειτα</em></span> <span class='ocrx_word' id='word_1_189' title='bbox 1701 1531 1991 1590; x_wconf 86' lang='grc' dir='ltr'><em>γενησόμενον</em></span> 
     </span>
     <span class='ocr_line' id='line_1_25' title="bbox 321 1595 1990 1657; baseline 0.001 -17"><span class='ocrx_word' id='word_1_190' title='bbox 321 1597 571 1656; x_wconf 76' lang='grc' dir='ltr'><em>[σύμβολον]</em></span> <span class='ocrx_word' id='word_1_191' title='bbox 602 1601 679 1655; x_wconf 80' lang='grc' dir='ltr'><em>τῆς</em></span> <span class='ocrx_word' id='word_1_192' title='bbox 709 1598 824 1653; x_wconf 84' lang='grc' dir='ltr'><em>πρὸς</em></span> <span class='ocrx_word' id='word_1_193' title='bbox 854 1598 957 1649; x_wconf 78' lang='grc' dir='ltr'><em>τοὺς</em></span> <span class='ocrx_word' id='word_1_194' title='bbox 987 1602 1129 1654; x_wconf 90' lang='grc' dir='ltr'><em>πέραν</em></span> <span class='ocrx_word' id='word_1_195' title='bbox 1159 1602 1492 1656; x_wconf 83' lang='grc' dir='ltr'><em>κατῳκημένους</em></span> <span class='ocrx_word' id='word_1_196' title='bbox 1524 1599 1807 1657; x_wconf 76' lang='grc' dir='ltr'><em>οἰκειότητος.</em></span> <span class='ocrx_word' id='word_1_197' title='bbox 1859 1595 1990 1643; x_wconf 83' lang='grc' dir='ltr'><em>ἆκού-</em></span> 
     </span>
     <span class='ocr_line' id='line_1_26' title="bbox 320 1662 1991 1724; baseline 0.002 -17"><span class='ocrx_word' id='word_1_198' title='bbox 320 1680 474 1715; x_wconf 88' lang='grc' dir='ltr'><em>σαντες</em></span> <span class='ocrx_word' id='word_1_199' title='bbox 505 1667 551 1709; x_wconf 80' lang='grc' dir='ltr'><em>δὲ</em></span> <span class='ocrx_word' id='word_1_200' title='bbox 584 1667 625 1709; x_wconf 82' lang='grc' dir='ltr'><em>οἱ</em></span> <span class='ocrx_word' id='word_1_201' title='bbox 657 1670 799 1722; x_wconf 89' lang='grc' dir='ltr'><em>πέραν</em></span> <span class='ocrx_word' id='word_1_202' title='bbox 827 1665 981 1721; x_wconf 81' lang='grc' dir='ltr'><em>βωμὸν</em></span> <span class='ocrx_word' id='word_1_203' title='bbox 1015 1667 1228 1719; x_wconf 73' lang='grc' dir='ltr'><em>ἱδρῦσθαι</em></span> <span class='ocrx_word' id='word_1_204' title='bbox 1249 1666 1352 1717; x_wconf 72' lang='grc' dir='ltr'><em>τοὺς</em></span> <span class='ocrx_word' id='word_1_205' title='bbox 1384 1662 1696 1718; x_wconf 71' lang='grc' dir='ltr'><em>ἀπολυθέντας</em></span> <span class='ocrx_word' id='word_1_206' title='bbox 1727 1663 1776 1710; x_wconf 82' lang='grc' dir='ltr'><em>οὗ</em></span> <span class='ocrx_word' id='word_1_207' title='bbox 1804 1663 1913 1721; x_wconf 77' lang='grc' dir='ltr'><em>μεθ’</em></span> <span class='ocrx_word' id='word_1_208' title='bbox 1939 1663 1991 1724; x_wconf 84' lang='grc' dir='ltr'><em>ἧς</em></span> 
     </span>
     <span class='ocr_line' id='line_1_27' title="bbox 319 1730 1991 1791; baseline 0.002 -16"><span class='ocrx_word' id='word_1_209' title='bbox 319 1730 477 1776; x_wconf 76' lang='grc' dir='ltr'><em>ἐκεῖνοι</em></span> <span class='ocrx_word' id='word_1_210' title='bbox 497 1733 670 1790; x_wconf 79' lang='grc' dir='ltr'><em>γνώμης</em></span> <span class='ocrx_word' id='word_1_211' title='bbox 702 1730 946 1791; x_wconf 79' lang='grc' dir='ltr'><em>ἀνέστησαν</em></span> <span class='ocrx_word' id='word_1_212' title='bbox 979 1730 1124 1787; x_wconf 75' lang='grc' dir='ltr'><em>αὐτόν,</em></span> <span class='ocrx_word' id='word_1_213' title='bbox 1163 1730 1262 1776; x_wconf 77' lang='grc' dir='ltr'><em>αλλ’</em></span> <span class='ocrx_word' id='word_1_214' title='bbox 1289 1733 1366 1777; x_wconf 76' lang='grc' dir='ltr'><em>ἐπὶ</em></span> <span class='ocrx_word' id='word_1_215' title='bbox 1397 1737 1679 1791; x_wconf 87' lang='grc' dir='ltr'><em>νεωτερισμῶ</em></span> <span class='ocrx_word' id='word_1_216' title='bbox 1708 1736 1781 1777; x_wconf 87' lang='grc' dir='ltr'><em>καὶ</em></span> <span class='ocrx_word' id='word_1_217' title='bbox 1814 1734 1991 1786; x_wconf 84' lang='grc' dir='ltr'><em>ξενικῶν</em></span> 
     </span>
     <span class='ocr_line' id='line_1_28' title="bbox 320 1796 1991 1860; baseline 0.001 -18"><span class='ocrx_word' id='word_1_218' title='bbox 320 1815 535 1857; x_wconf 85' lang='grc' dir='ltr'><em>εισαγωγη</em></span> <span class='ocrx_word' id='word_1_219' title='bbox 568 1803 702 1852; x_wconf 80' lang='grc' dir='ltr'><em>θεῶν,</em></span> <span class='ocrx_word' id='word_1_220' title='bbox 736 1796 811 1843; x_wconf 83' lang='grc' dir='ltr'><em>ούκ</em></span> <span class='ocrx_word' id='word_1_221' title='bbox 842 1798 1007 1856; x_wconf 79' lang='grc' dir='ltr'><em>ἤθελον</em></span> <span class='ocrx_word' id='word_1_222' title='bbox 1040 1797 1269 1853; x_wconf 77' lang='grc' dir='ltr'><em>ἀπιστεῖν,</em></span> <span class='ocrx_word' id='word_1_223' title='bbox 1303 1797 1415 1844; x_wconf 77' lang='grc' dir='ltr'><em>ἀλλὰ</em></span> <span class='ocrx_word' id='word_1_224' title='bbox 1448 1804 1550 1858; x_wconf 83' lang='grc' dir='ltr'><em>περὶ</em></span> <span class='ocrx_word' id='word_1_225' title='bbox 1583 1805 1714 1845; x_wconf 77' lang='grc' dir='ltr'><em>θείαι</em></span> <span class='ocrx_word' id='word_1_226' title='bbox 1746 1805 1991 1860; x_wconf 76' lang='grc' dir='ltr'><em>θρησκείαν</em></span> 
     </span>
     <span class='ocr_line' id='line_1_29' title="bbox 318 1864 1989 1927; baseline 0.002 -18"><span class='ocrx_word' id='word_1_227' title='bbox 318 1866 396 1923; x_wconf 77' lang='grc' dir='ltr'><em>τὴν</em></span> <span class='ocrx_word' id='word_1_228' title='bbox 437 1867 648 1924; x_wconf 78' lang='grc' dir='ltr'><em>διαβολὴν</em></span> <span class='ocrx_word' id='word_1_229' title='bbox 681 1867 882 1924; x_wconf 84' lang='grc' dir='ltr'><em>πιθανὴν</em></span> <span class='ocrx_word' id='word_1_230' title='bbox 924 1868 1173 1923; x_wconf 74' lang='grc' dir='ltr'><em>νομίζοντες</em></span> <span class='ocrx_word' id='word_1_231' title='bbox 1213 1867 1257 1911; x_wconf 75' lang='grc' dir='ltr'><em>ἐν</em></span> <span class='ocrx_word' id='word_1_232' title='bbox 1288 1864 1448 1919; x_wconf 89' lang='grc' dir='ltr'><em>όπλοις</em></span> <span class='ocrx_word' id='word_1_233' title='bbox 1488 1869 1615 1927; x_wconf 64' lang='grc' dir='ltr'><em>ἦσαν,</em></span> <span class='ocrx_word' id='word_1_234' title='bbox 1656 1867 1716 1920; x_wconf 86' lang='grc' dir='ltr'><em>ῶς</em></span> <span class='ocrx_word' id='word_1_235' title='bbox 1747 1866 1822 1913; x_wconf 68' lang='grc' dir='ltr'><em>ἐπ’</em></span> <span class='ocrx_word' id='word_1_236' title='bbox 1850 1866 1989 1927; x_wconf 82' lang='grc' dir='ltr'><em>ἆμύνῃ</em></span> 
     </span>
    </p>
   </div>
   <div class='ocr_carea' id='block_1_7' title="bbox 343 1943 1606 1952">
    <p class='ocr_par' dir='ltr' id='par_1_8' title="bbox 343 1943 1606 1952">
     <span class='ocr_line' id='line_1_30' title="bbox 343 1943 1606 1952; baseline 0 0"><span class='ocrx_word' id='word_1_237' title='bbox 343 1943 1606 1952; x_wconf 95' lang='lat' dir='ltr'><em> </em></span> 
     </span>
    </p>
   </div>
   <div class='ocr_carea' id='block_1_8' title="bbox 430 1980 952 2022">
    <p class='ocr_par' dir='ltr' id='par_1_9' title="bbox 430 1980 952 2022">
     <span class='ocr_line' id='line_1_31' title="bbox 430 1980 952 2022; baseline 0 -8"><span class='ocrx_word' id='word_1_238' title='bbox 430 1981 451 2022; x_wconf 64' lang='grc' dir='ltr'>ἐ</span> <span class='ocrx_word' id='word_1_239' title='bbox 480 1982 544 2015; x_wconf 88' lang='grc'><em>100</em></span> <span class='ocrx_word' id='word_1_240' title='bbox 568 1998 611 2009; x_wconf 89' lang='lat'><strong><em>=</em></strong></span> <span class='ocrx_word' id='word_1_241' title='bbox 636 1981 747 2016; x_wconf 83' lang='lat' dir='ltr'>Iosua</span> <span class='ocrx_word' id='word_1_242' title='bbox 769 1980 873 2015; x_wconf 85' lang='lat' dir='ltr'>XXII</span> <span class='ocrx_word' id='word_1_243' title='bbox 901 1983 952 2014; x_wconf 89' lang='grc'><em>10.</em></span> 
     </span>
    </p>
   </div>
   <div class='ocr_carea' id='block_1_9' title="bbox 1103 2046 1677 2052">
    <p class='ocr_par' dir='ltr' id='par_1_10' title="bbox 1103 2046 1677 2052">
     <span class='ocr_line' id='line_1_32' title="bbox 1103 2046 1677 2052; baseline 0 0"><span class='ocrx_word' id='word_1_244' title='bbox 1103 2046 1677 2052; x_wconf 95' lang='lat' dir='ltr'><em> </em></span> 
     </span>
    </p>
   </div>
   <div class='ocr_carea' id='block_1_10' title="bbox 385 2044 1677 2054">
    <p class='ocr_par' dir='ltr' id='par_1_11' title="bbox 385 2044 1677 2054">
     <span class='ocr_line' id='line_1_33' title="bbox 385 2044 1677 2054; baseline 0 0"><span class='ocrx_word' id='word_1_245' title='bbox 385 2044 1677 2054; x_wconf 95' lang='lat' dir='ltr'><em> </em></span> 
     </span>
    </p>
   </div>
   <div class='ocr_carea' id='block_1_11' title="bbox 314 2080 1989 2523">
    <p class='ocr_par' dir='ltr' id='par_1_12' title="bbox 314 2080 1989 2523">
     <span class='ocr_line' id='line_1_34' title="bbox 430 2080 1078 2127; baseline 0 -11"><span class='ocrx_word' id='word_1_246' title='bbox 430 2080 896 2117; x_wconf 79' lang='lat' dir='ltr'>ROMSPLELatZonaras</span> <span class='ocrx_word' id='word_1_247' title='bbox 920 2081 937 2115; x_wconf 91' lang='lat'>1</span> <span class='ocrx_word' id='word_1_248' title='bbox 961 2093 996 2127; x_wconf 91' lang='lat' dir='ltr'><em>p.</em></span> <span class='ocrx_word' id='word_1_249' title='bbox 1024 2084 1078 2116; x_wconf 77' lang='lat'><em>80.</em></span> 
     </span>
     <span class='ocr_line' id='line_1_35' title="bbox 433 2131 1897 2186; baseline 0.002 -14"><span class='ocrx_word' id='word_1_250' title='bbox 433 2141 447 2172; x_wconf 89' lang='lat'>1</span> <span class='ocrx_word' id='word_1_251' title='bbox 476 2135 574 2174; x_wconf 72' lang='grc' dir='ltr'><em>κατὰ</em></span> <span class='ocrx_word' id='word_1_252' title='bbox 601 2138 754 2174; x_wconf 85' lang='lat' dir='ltr'>ROSPL</span> <span class='ocrx_word' id='word_1_253' title='bbox 825 2142 843 2172; x_wconf 86' lang='lat'><strong>3</strong></span> <span class='ocrx_word' id='word_1_254' title='bbox 871 2135 958 2174; x_wconf 59' lang='grc' dir='ltr'><em>οὔτε</em></span> <span class='ocrx_word' id='word_1_255' title='bbox 984 2137 1137 2173; x_wconf 85' lang='lat' dir='ltr'>ROSPL</span> <span class='ocrx_word' id='word_1_256' title='bbox 1214 2131 1284 2186; x_wconf 78' lang='grc' dir='ltr'><em>*ᾦ1</em></span> <span class='ocrx_word' id='word_1_257' title='bbox 1310 2132 1365 2173; x_wconf 76' lang='grc' dir='ltr'><em>ὧν</em></span> <span class='ocrx_word' id='word_1_258' title='bbox 1388 2138 1452 2174; x_wconf 82' lang='grc' dir='ltr'><em>ΒΟ</em></span> <span class='ocrx_word' id='word_1_259' title='bbox 1530 2142 1549 2172; x_wconf 72' lang='grc'>4</span> <span class='ocrx_word' id='word_1_260' title='bbox 1575 2135 1844 2183; x_wconf 74' lang='grc' dir='ltr'><em>*α’πολλύομεν</em></span> <span class='ocrx_word' id='word_1_261' title='bbox 1867 2138 1897 2175; x_wconf 92' lang='lat' dir='ltr'><strong>O</strong></span> 
     </span>
     <span class='ocr_line' id='line_1_36' title="bbox 316 2188 1988 2242; baseline 0.001 -14"><span class='ocrx_word' id='word_1_262' title='bbox 316 2197 335 2228; x_wconf 81' lang='lat'>5</span> <span class='ocrx_word' id='word_1_263' title='bbox 360 2190 461 2238; x_wconf 68' lang='grc' dir='ltr'><em>ι”μᾱσ</em></span> <span class='ocrx_word' id='word_1_264' title='bbox 485 2195 509 2230; x_wconf 93' lang='lat' dir='ltr'>S</span> <span class='ocrx_word' id='word_1_265' title='bbox 579 2198 598 2229; x_wconf 85' lang='grc'>6</span> <span class='ocrx_word' id='word_1_266' title='bbox 624 2196 816 2241; x_wconf 81' lang='grc' dir='ltr'><em>νομίσητε]</em></span> <span class='ocrx_word' id='word_1_267' title='bbox 842 2188 997 2240; x_wconf 71' lang='grc' dir='ltr'><em>νοήσετε</em></span> <span class='ocrx_word' id='word_1_268' title='bbox 1017 2194 1045 2229; x_wconf 96' lang='grc' dir='ltr'>Ο</span> <span class='ocrx_word' id='word_1_269' title='bbox 1073 2195 1271 2240; x_wconf 71' lang='grc' dir='ltr'><em>νομίσῃ-ται</em></span> <span class='ocrx_word' id='word_1_270' title='bbox 1298 2195 1336 2229; x_wconf 89' lang='grc' dir='ltr'><strong>Μ</strong></span> <span class='ocrx_word' id='word_1_271' title='bbox 1362 2196 1538 2239; x_wconf 77' lang='grc' dir='ltr'><em>νομίσετε</em></span> <span class='ocrx_word' id='word_1_272' title='bbox 1563 2196 1615 2231; x_wconf 87' lang='lat' dir='ltr'><em>SP</em></span> <span class='ocrx_word' id='word_1_273' title='bbox 1641 2192 1734 2231; x_wconf 79' lang='grc' dir='ltr'><em>εἶναι</em></span> <span class='ocrx_word' id='word_1_274' title='bbox 1761 2197 1941 2242; x_wconf 80' lang='grc' dir='ltr'><em>νομίσητε</em></span> <span class='ocrx_word' id='word_1_275' title='bbox 1957 2195 1988 2230; x_wconf 92' lang='lat' dir='ltr'>L</span> 
     </span>
     <span class='ocr_line' id='line_1_37' title="bbox 429 2246 1989 2295; baseline 0.002 -11"><span class='ocrx_word' id='word_1_276' title='bbox 429 2254 447 2284; x_wconf 75' lang='grc' dir='ltr'><em>ἰ’</em></span> <span class='ocrx_word' id='word_1_277' title='bbox 475 2248 516 2286; x_wconf 76' lang='lat' dir='ltr'><em>o‘c&#39;</em></span> <span class='ocrx_word' id='word_1_278' title='bbox 536 2264 576 2287; x_wconf 82' lang='grc' dir='ltr'><em>τε</em></span> <span class='ocrx_word' id='word_1_279' title='bbox 601 2251 724 2287; x_wconf 86' lang='lat' dir='ltr'>ROSL</span> <span class='ocrx_word' id='word_1_280' title='bbox 819 2253 837 2285; x_wconf 86' lang='grc'>8</span> <span class='ocrx_word' id='word_1_281' title='bbox 865 2246 908 2293; x_wconf 79' lang='grc' dir='ltr'><em>ὃς</em></span> <span class='ocrx_word' id='word_1_282' title='bbox 937 2261 1005 2285; x_wconf 92' lang='lat' dir='ltr'><em>om.</em></span> <span class='ocrx_word' id='word_1_283' title='bbox 1031 2250 1071 2286; x_wconf 90' lang='lat' dir='ltr'>M</span> <span class='ocrx_word' id='word_1_284' title='bbox 1163 2254 1182 2285; x_wconf 89' lang='grc'>9</span> <span class='ocrx_word' id='word_1_285' title='bbox 1208 2249 1465 2295; x_wconf 76' lang='grc' dir='ltr'><em>ἐπιμελεῖσθαι</em></span> <span class='ocrx_word' id='word_1_286' title='bbox 1493 2251 1562 2286; x_wconf 92' lang='lat' dir='ltr'><em>ML</em></span> <span class='ocrx_word' id='word_1_287' title='bbox 1655 2253 1860 2294; x_wconf 79' lang='grc' dir='ltr'><em>πολιτείας]</em></span> <span class='ocrx_word' id='word_1_288' title='bbox 1886 2253 1989 2287; x_wconf 84' lang='grc' dir='ltr'><em>πολι-</em></span> 
     </span>
     <span class='ocr_line' id='line_1_38' title="bbox 315 2301 1896 2351; baseline 0.001 -10"><span class='ocrx_word' id='word_1_289' title='bbox 315 2307 423 2342; x_wconf 80' lang='grc' dir='ltr'><em>τείασ</em></span> <span class='ocrx_word' id='word_1_290' title='bbox 448 2309 525 2343; x_wconf 82' lang='grc' dir='ltr'><em>δεῖν</em></span> <span class='ocrx_word' id='word_1_291' title='bbox 549 2307 587 2342; x_wconf 90' lang='grc' dir='ltr'><strong>Μ</strong></span> <span class='ocrx_word' id='word_1_292' title='bbox 682 2311 721 2342; x_wconf 93' lang='grc'><em>10</em></span> <span class='ocrx_word' id='word_1_293' title='bbox 747 2307 932 2351; x_wconf 77' lang='grc' dir='ltr'><em>μωϋσέωσ</em></span> <span class='ocrx_word' id='word_1_294' title='bbox 958 2307 1011 2342; x_wconf 86' lang='lat' dir='ltr'><em>SP</em></span> <span class='ocrx_word' id='word_1_295' title='bbox 1104 2301 1259 2344; x_wconf 74' lang='grc' dir='ltr'><em>ἅπασαν</em></span> <span class='ocrx_word' id='word_1_296' title='bbox 1283 2307 1337 2342; x_wconf 90' lang='lat' dir='ltr'><em>SP</em></span> <span class='ocrx_word' id='word_1_297' title='bbox 1441 2312 1478 2343; x_wconf 89' lang='lat'><em>11</em></span> <span class='ocrx_word' id='word_1_298' title='bbox 1507 2305 1613 2350; x_wconf 79' lang='grc' dir='ltr'><em>εἶναι]</em></span> <span class='ocrx_word' id='word_1_299' title='bbox 1639 2304 1696 2344; x_wconf 77' lang='grc' dir='ltr'><em>αἐὶ</em></span> <span class='ocrx_word' id='word_1_300' title='bbox 1723 2305 1816 2344; x_wconf 75' lang='grc' dir='ltr'><em>εἶναι</em></span> <span class='ocrx_word' id='word_1_301' title='bbox 1843 2307 1896 2343; x_wconf 91' lang='lat' dir='ltr'><em>SP</em></span> 
     </span>
     <span class='ocr_line' id='line_1_39' title="bbox 318 2358 1987 2410; baseline 0.002 -14"><span class='ocrx_word' id='word_1_302' title='bbox 318 2365 358 2396; x_wconf 76' lang='lat'><em>14</em></span> <span class='ocrx_word' id='word_1_303' title='bbox 384 2358 520 2405; x_wconf 77' lang='grc' dir='ltr'><em>αι’-τῶν]</em></span> <span class='ocrx_word' id='word_1_304' title='bbox 547 2359 666 2400; x_wconf 67' lang='grc' dir='ltr'><em>αι”τὸν</em></span> <span class='ocrx_word' id='word_1_305' title='bbox 690 2364 719 2399; x_wconf 93' lang='grc' dir='ltr'>Ο</span> <span class='ocrx_word' id='word_1_306' title='bbox 746 2360 871 2400; x_wconf 75' lang='grc' dir='ltr'><em>αὐτῶν</em></span> <span class='ocrx_word' id='word_1_307' title='bbox 894 2359 998 2400; x_wconf 73' lang='grc' dir='ltr'><em>ἅπαν</em></span> <span class='ocrx_word' id='word_1_308' title='bbox 1020 2364 1091 2398; x_wconf 93' lang='lat' dir='ltr'><em>ML</em></span> <span class='ocrx_word' id='word_1_309' title='bbox 1183 2360 1370 2407; x_wconf 66' lang='grc' dir='ltr'><em>*ὑπέμενε</em></span> <span class='ocrx_word' id='word_1_310' title='bbox 1395 2363 1449 2398; x_wconf 89' lang='lat' dir='ltr'><em>SP</em></span> <span class='ocrx_word' id='word_1_311' title='bbox 1546 2367 1585 2398; x_wconf 90' lang='lat'><em>15</em></span> <span class='ocrx_word' id='word_1_312' title='bbox 1612 2364 1834 2410; x_wconf 76' lang='grc' dir='ltr'><em>προέπεμπε</em></span> <span class='ocrx_word' id='word_1_313' title='bbox 1859 2365 1897 2401; x_wconf 79' lang='grc' dir='ltr'><em>δὲ</em></span> <span class='ocrx_word' id='word_1_314' title='bbox 1922 2363 1987 2399; x_wconf 89' lang='lat' dir='ltr'><em>RO</em></span> 
     </span>
     <span class='ocr_line' id='line_1_40' title="bbox 314 2416 1988 2467; baseline 0.001 -13"><span class='ocrx_word' id='word_1_315' title='bbox 314 2419 434 2454; x_wconf 86' lang='lat' dir='ltr'>SPLE</span> <span class='ocrx_word' id='word_1_316' title='bbox 551 2416 782 2467; x_wconf 79' lang='grc' dir='ltr'><em>*α’δάκρυτοι</em></span> <span class='ocrx_word' id='word_1_317' title='bbox 808 2420 838 2454; x_wconf 94' lang='lat' dir='ltr'>L</span> <span class='ocrx_word' id='word_1_318' title='bbox 933 2424 972 2454; x_wconf 78' lang='lat'><em>17</em></span> <span class='ocrx_word' id='word_1_319' title='bbox 1000 2423 1187 2467; x_wconf 76' lang='grc' dir='ltr'><em>Διαβᾶσα]</em></span> <span class='ocrx_word' id='word_1_320' title='bbox 1213 2423 1397 2466; x_wconf 76' lang='grc' dir='ltr'><em>διαβοῦσα</em></span> <span class='ocrx_word' id='word_1_321' title='bbox 1423 2420 1455 2455; x_wconf 88' lang='lat' dir='ltr'><strong>R</strong></span> <span class='ocrx_word' id='word_1_322' title='bbox 1547 2421 1585 2457; x_wconf 78' lang='grc' dir='ltr'><em>δὲ</em></span> <span class='ocrx_word' id='word_1_323' title='bbox 1610 2431 1637 2455; x_wconf 84' lang='lat' dir='ltr'><em>s.</em></span> <span class='ocrx_word' id='word_1_324' title='bbox 1664 2421 1703 2455; x_wconf 89' lang='lat' dir='ltr'>M</span> <span class='ocrx_word' id='word_1_325' title='bbox 1805 2420 1988 2467; x_wconf 80' lang='grc' dir='ltr'><em>ῥοι·βῆλισ</em></span> 
     </span>
     <span class='ocr_line' id='line_1_41' title="bbox 315 2471 1987 2523; baseline 0.002 -13"><span class='ocrx_word' id='word_1_326' title='bbox 315 2474 378 2510; x_wconf 87' lang='lat' dir='ltr'><em>RO</em></span> <span class='ocrx_word' id='word_1_327' title='bbox 404 2473 595 2522; x_wconf 77' lang='grc' dir='ltr'><em>ῥουβὴλησ</em></span> <span class='ocrx_word' id='word_1_328' title='bbox 619 2476 658 2511; x_wconf 93' lang='grc' dir='ltr'>Μ</span> <span class='ocrx_word' id='word_1_329' title='bbox 684 2471 875 2523; x_wconf 79' lang='grc' dir='ltr'><em>ρουβὴλου</em></span> <span class='ocrx_word' id='word_1_330' title='bbox 898 2476 928 2511; x_wconf 91' lang='lat' dir='ltr'>L</span> <span class='ocrx_word' id='word_1_331' title='bbox 1034 2475 1141 2523; x_wconf 75' lang='grc' dir='ltr'><em>γάδισ</em></span> <span class='ocrx_word' id='word_1_332' title='bbox 1165 2476 1230 2512; x_wconf 91' lang='lat' dir='ltr'><em>RO</em></span> <span class='ocrx_word' id='word_1_333' title='bbox 1256 2475 1374 2523; x_wconf 82' lang='grc' dir='ltr'><em>γάὸησ</em></span> <span class='ocrx_word' id='word_1_334' title='bbox 1399 2477 1437 2511; x_wconf 84' lang='grc' dir='ltr'><strong>Μ</strong></span> <span class='ocrx_word' id='word_1_335' title='bbox 1462 2475 1591 2523; x_wconf 78' lang='grc' dir='ltr'><em>γάδὸἰσ</em></span> <span class='ocrx_word' id='word_1_336' title='bbox 1617 2476 1646 2510; x_wconf 90' lang='lat' dir='ltr'>L</span> <span class='ocrx_word' id='word_1_337' title='bbox 1742 2478 1782 2511; x_wconf 84' lang='lat'><em>18</em></span> <span class='ocrx_word' id='word_1_338' title='bbox 1806 2488 1987 2520; x_wconf 78' lang='grc' dir='ltr'><em>μαιάσσι-</em></span> 
     </span>
    </p>
   </div>
   <div class='ocr_carea' id='block_1_12' title="bbox 314 2545 1986 2613">
    <p class='ocr_par' dir='ltr' id='par_1_13' title="bbox 314 2545 1986 2613">
     <span class='ocr_line' id='line_1_42' title="bbox 314 2545 1986 2613; baseline 0.001 -11"><span class='ocrx_word' id='word_1_339' title='bbox 314 2569 391 2602; x_wconf 85' lang='grc' dir='ltr'><em>τῶν</em></span> <span class='ocrx_word' id='word_1_340' title='bbox 415 2567 439 2603; x_wconf 90' lang='lat' dir='ltr'>S</span> <span class='ocrx_word' id='word_1_341' title='bbox 462 2545 684 2611; x_wconf 60' lang='lat' dir='ltr'><em>aavagmffiv</em></span> <span class='ocrx_word' id='word_1_342' title='bbox 708 2566 736 2600; x_wconf 92' lang='lat' dir='ltr'>P</span> <span class='ocrx_word' id='word_1_343' title='bbox 829 2561 936 2602; x_wconf 76' lang='grc' dir='ltr'><em>αι’·τοὶ</em></span> <span class='ocrx_word' id='word_1_344' title='bbox 961 2566 991 2600; x_wconf 93' lang='lat' dir='ltr'>L</span> <span class='ocrx_word' id='word_1_345' title='bbox 1077 2560 1200 2613; x_wconf 58' lang='grc' dir='ltr'><em>*ὓπερ</em></span> <span class='ocrx_word' id='word_1_346' title='bbox 1225 2567 1263 2601; x_wconf 91' lang='grc' dir='ltr'><strong>Μ</strong></span> <span class='ocrx_word' id='word_1_347' title='bbox 1356 2570 1392 2601; x_wconf 81' lang='lat'><em>19</em></span> <span class='ocrx_word' id='word_1_348' title='bbox 1417 2573 1654 2613; x_wconf 78' lang='grc' dir='ltr'><em>Ιιιι-ημεῖον--</em></span> <span class='ocrx_word' id='word_1_349' title='bbox 1670 2569 1711 2601; x_wconf 88' lang='grc'><em>20</em></span> <span class='ocrx_word' id='word_1_350' title='bbox 1739 2563 1986 2613; x_wconf 80' lang='grc' dir='ltr'><em>οἰκειότητος]</em></span> 
     </span>
    </p>
   </div>
   <div class='ocr_carea' id='block_1_13' title="bbox 313 2621 1986 2995">
    <p class='ocr_par' dir='ltr' id='par_1_14' title="bbox 313 2621 1986 2995">
     <span class='ocr_line' id='line_1_43' title="bbox 315 2621 1984 2668; baseline 0.001 -12"><span class='ocrx_word' id='word_1_351' title='bbox 315 2627 352 2656; x_wconf 81' lang='lat' dir='ltr'><em>ut</em></span> <span class='ocrx_word' id='word_1_352' title='bbox 370 2623 597 2658; x_wconf 78' lang='lat' dir='ltr'><em>memorabile</em></span> <span class='ocrx_word' id='word_1_353' title='bbox 612 2623 754 2667; x_wconf 71' lang='lat' dir='ltr'><em>siquam</em></span> <span class='ocrx_word' id='word_1_354' title='bbox 771 2623 1001 2667; x_wconf 70' lang='lat' dir='ltr'><em>qeneralioni</em></span> <span class='ocrx_word' id='word_1_355' title='bbox 1020 2623 1174 2667; x_wconf 77' lang='lat' dir='ltr'><em>futurae</em></span> <span class='ocrx_word' id='word_1_356' title='bbox 1196 2623 1427 2668; x_wconf 74' lang='lat' dir='ltr'><em>coqnationis</em></span> <span class='ocrx_word' id='word_1_357' title='bbox 1451 2634 1571 2657; x_wconf 76' lang='lat' dir='ltr'><em>corum</em></span> <span class='ocrx_word' id='word_1_358' title='bbox 1597 2623 1663 2667; x_wconf 70' lang='grc' dir='ltr'><em>(μα’</em></span> <span class='ocrx_word' id='word_1_359' title='bbox 1685 2623 1781 2656; x_wconf 78' lang='lat' dir='ltr'><em>intra</em></span> <span class='ocrx_word' id='word_1_360' title='bbox 1798 2621 1984 2658; x_wconf 82' lang='lat' dir='ltr'><em>iordanem</em></span> 
     </span>
     <span class='ocr_line' id='line_1_44' title="bbox 315 2677 1986 2725; baseline 0.002 -13"><span class='ocrx_word' id='word_1_361' title='bbox 315 2677 481 2713; x_wconf 76' lang='lat' dir='ltr'><em>habitare</em></span> <span class='ocrx_word' id='word_1_362' title='bbox 506 2679 722 2714; x_wconf 78' lang='lat' dir='ltr'><em>uidebantur</em></span> <span class='ocrx_word' id='word_1_363' title='bbox 747 2679 918 2714; x_wconf 76' lang='lat' dir='ltr'><em>existeret</em></span> <span class='ocrx_word' id='word_1_364' title='bbox 942 2679 1014 2714; x_wconf 85' lang='lat' dir='ltr'><em>Lat</em></span> <span class='ocrx_word' id='word_1_365' title='bbox 1082 2677 1350 2725; x_wconf 68' lang='grc' dir='ltr'><em>γενησόμενον]</em></span> <span class='ocrx_word' id='word_1_366' title='bbox 1377 2679 1468 2713; x_wconf 82' lang='lat' dir='ltr'>coni.</span> <span class='ocrx_word' id='word_1_367' title='bbox 1496 2679 1767 2724; x_wconf 67' lang='grc' dir='ltr'><em>γενησομένοισ</em></span> <span class='ocrx_word' id='word_1_368' title='bbox 1791 2684 1986 2725; x_wconf 84' lang='grc' dir='ltr'><em>(γεϊησο-</em></span> 
     </span>
     <span class='ocr_line' id='line_1_45' title="bbox 313 2732 1986 2781; baseline 0.001 -12"><span class='ocrx_word' id='word_1_369' title='bbox 313 2735 446 2778; x_wconf 64' lang='grc' dir='ltr'><em>μι-ἰυισ</em></span> <span class='ocrx_word' id='word_1_370' title='bbox 478 2735 514 2776; x_wconf 91' lang='lat' dir='ltr'><em>S)</em></span> <span class='ocrx_word' id='word_1_371' title='bbox 548 2736 651 2770; x_wconf 89' lang='lat' dir='ltr'>codd.</span> <span class='ocrx_word' id='word_1_372' title='bbox 678 2735 785 2770; x_wconf 84' lang='lat' dir='ltr'>ELat</span> <span class='ocrx_word' id='word_1_373' title='bbox 919 2738 961 2770; x_wconf 85' lang='lat'><em>20</em></span> <span class='ocrx_word' id='word_1_374' title='bbox 987 2733 1193 2781; x_wconf 67' lang='grc' dir='ltr'><em>σύμβολον]</em></span> <span class='ocrx_word' id='word_1_375' title='bbox 1224 2737 1286 2771; x_wconf 80' lang='grc' dir='ltr'><em>καὶ</em></span> <span class='ocrx_word' id='word_1_376' title='bbox 1318 2732 1513 2781; x_wconf 71' lang='grc' dir='ltr'><em>σύμβολον</em></span> <span class='ocrx_word' id='word_1_377' title='bbox 1544 2735 1616 2778; x_wconf 86' lang='lat' dir='ltr'><em>SP,</em></span> <span class='ocrx_word' id='word_1_378' title='bbox 1643 2745 1710 2769; x_wconf 92' lang='lat' dir='ltr'><em>om.</em></span> <span class='ocrx_word' id='word_1_379' title='bbox 1736 2735 1843 2770; x_wconf 74' lang='lat' dir='ltr'><em>ELat</em></span> <span class='ocrx_word' id='word_1_380' title='bbox 1874 2738 1986 2779; x_wconf 85' lang='lat' dir='ltr'>recte,</span> 
     </span>
     <span class='ocr_line' id='line_1_46' title="bbox 314 2791 1984 2839; baseline 0.002 -15"><span class='ocrx_word' id='word_1_381' title='bbox 314 2791 360 2825; x_wconf 87' lang='lat' dir='ltr'><em>cf.</em></span> <span class='ocrx_word' id='word_1_382' title='bbox 386 2793 406 2835; x_wconf 66' lang='grc' dir='ltr'>ξ</span> <span class='ocrx_word' id='word_1_383' title='bbox 435 2795 497 2827; x_wconf 86' lang='grc'><em>112</em></span> <span class='ocrx_word' id='word_1_384' title='bbox 576 2793 681 2837; x_wconf 69' lang='grc' dir='ltr'><em>*τῆςῙ</em></span> <span class='ocrx_word' id='word_1_385' title='bbox 708 2797 791 2827; x_wconf 84' lang='grc' dir='ltr'><em>τοῖσ</em></span> <span class='ocrx_word' id='word_1_386' title='bbox 816 2791 846 2826; x_wconf 91' lang='lat' dir='ltr'>L</span> <span class='ocrx_word' id='word_1_387' title='bbox 925 2791 1056 2833; x_wconf 79' lang='grc' dir='ltr'><em>*τοὺσ1</em></span> <span class='ocrx_word' id='word_1_388' title='bbox 1084 2794 1149 2827; x_wconf 82' lang='grc' dir='ltr'><em>τοῦ</em></span> <span class='ocrx_word' id='word_1_389' title='bbox 1173 2792 1203 2826; x_wconf 91' lang='lat' dir='ltr'>L</span> <span class='ocrx_word' id='word_1_390' title='bbox 1286 2791 1610 2839; x_wconf 53' lang='lat' dir='ltr'><em>*xccrwmme&#39;vorgl</em></span> <span class='ocrx_word' id='word_1_391' title='bbox 1635 2791 1984 2837; x_wconf 74' lang='grc' dir='ltr'><em>κατοικησομέιόυσ</em></span> 
     </span>
     <span class='ocr_line' id='line_1_47' title="bbox 314 2844 1894 2892; baseline 0.001 -11"><span class='ocrx_word' id='word_1_392' title='bbox 314 2846 452 2882; x_wconf 87' lang='lat' dir='ltr'>ROML</span> <span class='ocrx_word' id='word_1_393' title='bbox 545 2851 582 2883; x_wconf 86' lang='lat'><em>21</em></span> <span class='ocrx_word' id='word_1_394' title='bbox 613 2847 676 2883; x_wconf 77' lang='grc' dir='ltr'><em>*οἱ</em></span> <span class='ocrx_word' id='word_1_395' title='bbox 702 2859 768 2882; x_wconf 92' lang='lat' dir='ltr'><em>om.</em></span> <span class='ocrx_word' id='word_1_396' title='bbox 795 2848 859 2883; x_wconf 89' lang='lat' dir='ltr'><em>RO</em></span> <span class='ocrx_word' id='word_1_397' title='bbox 969 2851 1011 2882; x_wconf 82' lang='lat'><em>22</em></span> <span class='ocrx_word' id='word_1_398' title='bbox 1038 2851 1232 2891; x_wconf 73' lang='grc' dir='ltr'><em>*ξενικῶνῙ</em></span> <span class='ocrx_word' id='word_1_399' title='bbox 1258 2847 1374 2890; x_wconf 72' lang='grc' dir='ltr'><em>ξι-’νων</em></span> <span class='ocrx_word' id='word_1_400' title='bbox 1399 2847 1428 2882; x_wconf 89' lang='lat' dir='ltr'>L</span> <span class='ocrx_word' id='word_1_401' title='bbox 1534 2850 1575 2881; x_wconf 88' lang='grc'><em>23</em></span> <span class='ocrx_word' id='word_1_402' title='bbox 1602 2844 1839 2892; x_wconf 65' lang='grc' dir='ltr'><em>*εἰσαγωγὴν</em></span> <span class='ocrx_word' id='word_1_403' title='bbox 1864 2847 1894 2882; x_wconf 92' lang='lat' dir='ltr'>L</span> 
     </span>
     <span class='ocr_line' id='line_1_48' title="bbox 314 2898 1982 2949; baseline 0.002 -11"><span class='ocrx_word' id='word_1_404' title='bbox 314 2905 437 2944; x_wconf 62' lang='grc' dir='ltr'><em>θείαν]</em></span> <span class='ocrx_word' id='word_1_405' title='bbox 464 2905 580 2940; x_wconf 72' lang='grc' dir='ltr'><em>θείων</em></span> <span class='ocrx_word' id='word_1_406' title='bbox 603 2904 667 2938; x_wconf 80' lang='lat' dir='ltr'><em>Ro</em></span> <span class='ocrx_word' id='word_1_407' title='bbox 694 2901 760 2949; x_wconf 71' lang='grc' dir='ltr'><em>τὴν</em></span> <span class='ocrx_word' id='word_1_408' title='bbox 784 2906 897 2940; x_wconf 73' lang='grc' dir='ltr'><em>θείαν</em></span> <span class='ocrx_word' id='word_1_409' title='bbox 921 2904 1048 2940; x_wconf 87' lang='lat' dir='ltr'>MSPL</span> <span class='ocrx_word' id='word_1_410' title='bbox 1154 2907 1196 2939; x_wconf 80' lang='grc'><em>24</em></span> <span class='ocrx_word' id='word_1_411' title='bbox 1222 2901 1406 2949; x_wconf 72' lang='grc' dir='ltr'><em>πειθανὴν</em></span> <span class='ocrx_word' id='word_1_412' title='bbox 1430 2904 1461 2939; x_wconf 89' lang='lat' dir='ltr'><strong>R</strong></span> <span class='ocrx_word' id='word_1_413' title='bbox 1562 2902 1632 2938; x_wconf 74' lang='grc' dir='ltr'><em>*ἐν</em></span> <span class='ocrx_word' id='word_1_414' title='bbox 1657 2898 1803 2945; x_wconf 76' lang='grc' dir='ltr'><em>ὅπλοις]</em></span> <span class='ocrx_word' id='word_1_415' title='bbox 1829 2900 1982 2941; x_wconf 71' lang='grc' dir='ltr'><em>ἔνοπλοι</em></span> 
     </span>
     <span class='ocr_line' id='line_1_49' title="bbox 313 2958 691 2995; baseline 0.005 -2"><span class='ocrx_word' id='word_1_416' title='bbox 313 2958 441 2994; x_wconf 86' lang='lat' dir='ltr'>MSPL</span> <span class='ocrx_word' id='word_1_417' title='bbox 466 2961 597 2994; x_wconf 80' lang='lat' dir='ltr'><em>armati</em></span> <span class='ocrx_word' id='word_1_418' title='bbox 620 2960 691 2995; x_wconf 78' lang='lat' dir='ltr'><em>Lat</em></span> 
     </span>
    </p>
   </div>
   <div class='ocr_carea' id='block_1_14' title="bbox 2022 935 2060 970">
    <p class='ocr_par' dir='ltr' id='par_1_15' title="bbox 2022 935 2060 970">
     <span class='ocr_line' id='line_1_50' title="bbox 2022 935 2060 970; baseline 0.026 -1"><span class='ocrx_word' id='word_1_419' title='bbox 2022 935 2060 970; x_wconf 82' lang='lat'><em>10</em></span> 
     </span>
    </p>
   </div>
   <div class='ocr_carea' id='block_1_15' title="bbox 2022 1272 2059 1306">
    <p class='ocr_par' dir='ltr' id='par_1_16' title="bbox 2022 1272 2059 1306">
     <span class='ocr_line' id='line_1_51' title="bbox 2022 1272 2059 1306; baseline 0 0"><span class='ocrx_word' id='word_1_420' title='bbox 2022 1272 2059 1306; x_wconf 79' lang='lat'><em>15</em></span> 
     </span>
    </p>
   </div>
   <div class='ocr_carea' id='block_1_16' title="bbox 2021 1610 2059 1643">
    <p class='ocr_par' dir='ltr' id='par_1_17' title="bbox 2021 1610 2059 1643">
     <span class='ocr_line' id='line_1_52' title="bbox 2021 1610 2059 1643; baseline 0 0"><span class='ocrx_word' id='word_1_421' title='bbox 2021 1610 2059 1643; x_wconf 79' lang='lat'><em>2⁰</em></span> 
     </span>
    </p>
   </div>
  </div>
 </body>
</html>
