2160 3439
220 463 301 502 202

219 597 301 637 203

219 867 302 907 204

222 1338 304 1378 205

222 1608 304 1649 206

331 212 412 250 332
804 207 966 252 ANTIQ.
991 207 1089 243 IUD.
1113 207 1146 243 V
1170 209 1350 243 201—206
1373 209 1409 251 (v
1422 210 1523 251 2—4)

330 328 408 382 τῆς
428 322 725 380 Νεφθαλίδος
755 318 862 364 ὄντα
893 322 1057 378 φυλῆς·
1088 320 1280 376 βάρακος
1311 321 1359 363 δέ
1388 320 1508 364 ἐστιν
1539 317 1745 377 ἀστραπὴ
1777 319 1888 363 κατὰ
1919 319 1998 378 τὴν

324 390 535 448 Ἑβραίων
564 390 782 445 γλῶσσαν.

447 461 485 501 3.
516 458 924 512 ,Μεταπεμψαμένη
958 451 999 497 δ’
1024 452 1049 512 ἡ
1072 454 1271 511 Δαβώρα
1300 453 1377 497 τὸν
1399 455 1602 511 Βάρακον
1625 454 1889 506 ἐπιλέξαντα
1909 456 1999 497 τῶν

332 529 440 569 νέων
470 528 654 580 μυρίους
685 523 851 566 ἐκέλευε
886 532 1046 579 χωρεῖν
1084 521 1161 565 ἐπὶ
1192 521 1294 572 τοὺς
1332 523 1594 576 πολεμίους·
1637 519 1886 579 ἀποχρῆναι
1915 520 1999 578 γὰρ

332 592 570 643 τοσούτους
600 593 680 634 τοῦ
710 593 822 634 θεοῦ
862 589 1180 648 προειρηκότος
1210 591 1282 632 καὶ
1313 593 1433 646 νίκην
1464 585 1847 647 ἀποσημήναντος.
1908 593 2000 632 Βα-

333 660 467 717 ράκου
506 660 553 703 δὲ
593 662 792 717 φαμένου
833 653 882 701 οὗ
923 656 1239 713 στρατηγήσειν
1277 655 1335 712 μὴ
1374 652 1575 714 κάκείνης
1607 654 1725 713 αὐτῷ
1756 671 2000 714 συστρατη-

331 727 493 785 γούσης
524 723 886 783 ἀγανακτήσασα,
919 724 1001 778 ,,σὺ
1032 727 1133 779 μέν,
1166 722 1278 777 εἶπε,
1309 725 1479 780 γυναικὶ
1512 733 1794 780 παραχωρεῖς
1826 719 2002 778 ἀξίωμα

333 794 356 838 ὃ
391 795 463 837 σοὶ
494 794 679 837 δέδωκεν
710 791 732 836 ὃ
766 793 889 845 θεός,
922 791 1003 848 ἐγώ
1037 792 1083 835 δὲ
1116 787 1166 834 οὗ
1198 793 1556 846 παραιτοῦμαι“.
1616 793 1690 834 καὶ
1722 790 2001 847 συναριθμή-

334 876 489 911 σαντες
532 866 716 917 μυρίους
751 859 1212 915 ἐστρατοπεδεύσαντο
1252 857 1366 913 πρὸς
1390 853 1617 917 Ἰταβυρίῳ
1657 855 1764 914 ὄρει.
1825 854 2003 915 ἆπήντα

334 924 377 971 δ’
405 923 556 980 αὐτοῖς
586 926 608 972 ὃ
641 928 836 985 Σισάρης
866 930 944 970 τοῦ
982 928 1203 982 βασιλέως
1242 926 1527 976 κελεύσαντος
1566 927 1639 968 καὶ
1679 925 2004 980 στρατοπεδεύ-
2071 935 2075 960 ἱ

334 1012 459 1039 ονται
500 998 588 1038 τῶν
629 996 858 1049 πολεμίων
898 991 974 1038 οὐκ
1019 992 1223 1037 ἄπωθεν.
1291 992 1394 1044 τοὺς
1433 988 1471 1036 δ’
1505 989 1774 1050 Ἰσραηλίτας
1814 994 1887 1035 καὶ
1924 991 2003 1036 τὸν

333 1062 538 1119 Βάρακον
568 1064 931 1118 καταπλαγέντας
960 1061 1009 1105 τὸ
1043 1063 1222 1116 πλῆθος
1252 1063 1339 1103 τῶν
1380 1061 1608 1115 πολεμίων
1648 1062 1722 1103 καὶ
1762 1055 2003 1116 ἀναχωρεῖν

334 1129 624 1186 διεγνωκότας
654 1127 678 1187 ἡ
710 1127 902 1186 Δεβιόρα
930 1138 1101 1183 κατεῖχε
1131 1127 1210 1185 τὴν
1249 1127 1470 1184 συμβολὴν
1500 1131 1740 1171 ποιεῖσθαι
1771 1123 1867 1170 κατ’
1893 1126 2004 1170 ἐκεί-

334 1215 410 1254 νην
440 1197 678 1241 κελεύουσα
707 1197 787 1254 τῂν
816 1195 1004 1254 ἡμέραν·
1047 1196 1238 1254 νικήσειν
1274 1194 1356 1251 γὰρ
1395 1190 1553 1246 αὖτοὺς
1582 1197 1656 1239 καὶ
1688 1194 2005 1250 συλλήψεσθαι

332 1264 410 1308 τὸν
439 1265 566 1308 θεόν.

450 1337 489 1375 4.
537 1332 759 1389 Συνῄεσαν
791 1322 867 1375 οὖν
896 1333 969 1374 καὶ
1010 1333 1345 1387 προσμιγέντων
1383 1327 1548 1385 ὄμβρος
1587 1329 1833 1385 ἐπιγίνεται
1869 1332 2006 1386 μέγας

333 1402 407 1443 καὶ
442 1395 561 1456 ὕδωρ
602 1399 718 1443 πολὺ
756 1401 829 1442 καὶ
857 1398 1050 1453 χάλαζα,
1080 1398 1158 1442 τόν
1188 1415 1236 1441 τε
1265 1395 1392 1440 ὗετὸν
1422 1396 1532 1440 κατὰ
1565 1397 1813 1453 πρόσωπον
1844 1393 2006 1453 ἤλαυνε

333 1471 422 1511 τῶν
446 1471 717 1511 Χαναναίων
750 1464 910 1521 ἄνεμος
939 1475 1038 1516 ταῖς
1068 1462 1231 1521 ὄψεσιν
1264 1461 1406 1508 αὐτῶν
1437 1464 1696 1517 ἐπισκοτῶν,
1729 1462 1790 1515 ιῦς
1818 1463 1901 1515 τὰς
1928 1480 2005 1507 το-

336 1536 455 1587 ξείας
495 1531 737 1592 ἀχρήστους
778 1530 927 1585 αὐτοῖς
967 1532 1080 1577 εἶναι
1121 1535 1195 1576 καὶ
1230 1531 1311 1583 τὰς
1347 1532 1612 1586 σφενδόνας·
1659 1533 1706 1575 οἵ
1737 1548 1786 1575 τε
1819 1529 2006 1575 ὁπλῖται

337 1602 411 1645 διὰ
442 1602 491 1646 τὸ
524 1602 653 1657 κρύος
681 1605 881 1659 χρῆσθαι
910 1611 1006 1653 τοῖς
1037 1601 1212 1659 ξίφεσιν
1244 1597 1320 1644 οὐκ
1351 1598 1479 1654 εἶχον.
1538 1599 1640 1650 τοὺς
1672 1596 1712 1642 δ’
1733 1595 2007 1657 Ἰσραηλίτας
2117 1605 2124 1646 ,²

336 1666 467 1727 ἧττόν
498 1687 544 1713 τε
575 1670 769 1724 ἔβλαπτε
798 1669 988 1713 κατόπιν
1027 1669 1256 1725 γινόμενος
1294 1665 1315 1711 o‘
1353 1666 1518 1722 χειμών
1557 1669 1629 1710 καὶ
1668 1665 1782 1722 πρὸς
1818 1665 1897 1723 τὴν
1937 1666 2006 1710 ἕν-

338 1755 462 1781 νοιαν
492 1740 569 1795 τῆς
598 1741 818 1794 βοηθείας
847 1739 926 1780 τοῦ
964 1739 1078 1780 θεοῦ
1108 1737 1282 1793 θάρσος
1312 1735 1580 1791 ἐλάμβανον,
1612 1730 1726 1777 ὥστε
1754 1734 1817 1786 εἷς
1845 1737 2007 1789 μέσους

337 1800 562 1859 ὠσάμενοι
592 1805 694 1855 τοί-ς
725 1806 967 1859 πολεμίους
1005 1803 1201 1854 πολλοὺς
1237 1799 1381 1846 αἰτῶν
1413 1800 1689 1847 ἀπέκτειναν.
1748 1804 1822 1846 καὶ
1854 1802 1897 1845 οἱ
1926 1801 2007 1857 μὲν

337 1869 425 1915 ὕπὸ
466 1874 553 1914 τῶν
582 1868 881 1927 Ἰσραηλιτῶν,
926 1872 967 1914 οἱ
1007 1868 1046 1914 δ’
1074 1869 1161 1914 ὕπὸ
1203 1874 1280 1927 τῆς
1321 1871 1485 1921 οἰκείας
1524 1871 1672 1914 ἵππου
1711 1872 2007 1925 ταραχθέντες

450 1974 471 2017 ξ
499 1948 632 2008 202---
655 1972 769 2008 Iudic.
795 1972 848 2008 IV
873 1974 903 2007 6.

450 2073 917 2111 ROMSPLELatZonaras
942 2076 959 2110 I
983 2087 1018 2121 p.
1046 2078 1088 2110 85
1099 2086 1150 2120 sq.
1198 2074 1357 2110 Michael
1383 2073 1515 2119 Glycas
1539 2085 1575 2118 p.
1602 2075 1678 2107 306.

452 2135 465 2166 1
495 2132 791 2176 *νεφθαλίτιδοσ
815 2130 968 2166 ROSPL
1073 2127 1224 2167 δ’ἐστὶν
1249 2129 1371 2165 SPLE
1477 2132 1495 2163 3
1521 2130 1558 2166 δὲ
1583 2129 1647 2164 PE
1761 2125 1911 2176 δεβώρα
1936 2121 2010 2176 (βιό

336 2188 359 2222 i.
386 2198 457 2223 ras.
483 2187 526 2227 L)
552 2187 744 2223 OMSPLE
770 2187 925 2222 deborra
949 2188 1021 2223 Lat
1113 2191 1134 2222 4
1158 2187 1375 2224 *ἕκέλευσε-
1404 2186 1457 2220 SP
1551 2181 1777 2232 ἀποχρῆναι]
1796 2195 2007 2231 praesume-

337 2244 396 2279 bat
420 2243 494 2278 Lat
586 2246 604 2278 5
631 2241 850 2286 τοσούτους]
876 2246 1065 2280 τοσοῦτον
1089 2244 1161 2278 ML
1254 2239 1589 2289 α’ποσημειίἀντοσ
1613 2241 1646 2276 R
1671 2237 2007 2289 α’ποσημὴιναντοσ

336 2300 381 2335 P²
406 2296 707 2346 ἐπισημήναντος
730 2299 883 2334 Hudson
1016 2302 1035 2334 6
1062 2297 1118 2342 οὔ]
1143 2297 1192 2346 μὴ
1217 2300 1289 2334 ML
1416 2295 1802 2346 *συνστρατιῃόύσησ
1826 2296 1898 2331 ML

337 2360 354 2391 7
383 2352 541 2401 α’ξίωμα]
568 2350 787 2400 α’ξιιόματοσ
811 2355 940 2391 MSPL
1033 2358 1052 2391 8
1080 2352 1101 2391 ὃ
1128 2359 1201 2398 σοὶ]
1228 2351 1314 2392 ὅσοι
1336 2354 1496 2391 ROMSP
1522 2367 1629 2401 quam
1657 2354 1808 2390 tibiLat
1899 2365 2006 2389 συνα-

339 2410 603 2459 ριθμήσαντες]
634 2413 964 2459 συναθροίσαντεσ
988 2412 1150 2448 MSPLE
1182 2416 1446 2457 conqreqanles
1471 2412 1542 2447 Lat
1679 2415 1698 2446 9
1723 2411 1888 2456 μυρίοι-ς]
1914 2405 2009 2446 ‘coba’

335 2471 497 2514 μυρίουσ
522 2469 554 2503 Ε
640 2467 992 2514 ἐστρατοπέδευσαν
1017 2469 1046 2504 Ο
1132 2465 1334 2516 Ἰταβυρίῳ]
1361 2468 1393 2502 Ε
1418 2469 1560 2513 taz-pla)
1585 2466 1649 2502 RO
1675 2462 1873 2513 α’ταβυρίω
1897 2467 1951 2502 τῶ
1967 2463 2008 2500 Μ

336 2526 520 2572 ἰταβι·ρ[ω
546 2527 612 2561 τῶι
637 2525 666 2559 Ρ
690 2520 940 2571 άϊταβουρίωι
974 2527 1041 2560 τῶι
1067 2526 1090 2561 S
1115 2525 1300 2572 ἰταβηρίω
1326 2527 1380 2561 τιῦ
1403 2524 1433 2559 L
1460 2524 1589 2559 illabor
1613 2524 1699 2566 Lat3
1736 2536 1781 2569 ση
1815 2517 1873 2559 ὅτι
1909 2515 2007 2569 ὅπερ

336 2596 454 2638 (παρα
481 2593 518 2635 S)
543 2583 680 2639 ἰταβήρ
701 2589 913 2639 (ἰταβύριον
937 2593 974 2630 S)
1006 2590 1178 2639 ἰώσηποσ
1208 2595 1322 2629 τοῦτο
1349 2594 1429 2633 (τοῦ
1454 2592 1491 2635 S)
1516 2588 1654 2639 θαβώρ
1686 2587 1705 2637 ἡ
1739 2587 1865 2637 γραφὴ
1895 2591 2008 2636 φησὶν

336 2652 418 2690 (om.
445 2649 481 2691 S)
506 2649 529 2683 i.
544 2659 655 2692 marg.
676 2648 732 2683 SL
828 2652 866 2682 10
891 2649 929 2685 δὲ
954 2649 1024 2684 ML
1118 2646 1259 2691 αὐτοῖς]
1284 2651 1346 2684 καὶ
1371 2647 1403 2682 Ε
1500 2651 1535 2682 11
1565 2645 1716 2684 ἄποθεν
1732 2645 1917 2682 ROPM¹L

337 2706 470 2741 abhinc
495 2705 678 2748 excerpsit
703 2705 834 2750 Glycas
905 2701 953 2747 δ’]
980 2705 1016 2741 δὲ
1035 2704 1160 2741 ROSE
1186 2716 1254 2740 om.
1280 2704 1324 2739 P·
1351 2698 1418 2740 οὖν
1443 2703 1487 2738 P²
1568 2706 1606 2737 12
1631 2702 1943 2748 καταπληγέιτασ
1968 2700 2007 2736 Μ

433 2765 472 2796 16
498 2762 704 2797 *συνίεσαν
729 2761 759 2796 L
830 2762 1130 2808 προσμιγέντων]
1157 2760 1445 2809 προσμιγέντων
1471 2759 1692 2796 τινῶνΒΟΒ
1720 2757 2007 2805 προσμιγέντων

339 2814 464 2854 αὐτῶν
490 2820 602 2854 τινῶν
625 2817 663 2852 Μ
763 2816 950 2865 *ὅμβρος1
974 2815 1118 2864 χειμὼν
1139 2818 1192 2852 SP
1302 2821 1337 2851 Π
1364 2814 1518 2853 *ι-ὶετὸι·
1541 2817 1564 2851 S
1671 2818 1707 2850 18
1733 2814 2006 2855 *ΧαναναίωνῙ

339 2909 534 2950 πολεμίων
557 2887 657 2953 ἧξιῦν
679 2909 901 2954 χαναναίων
924 2907 964 2942 Μ
1061 2912 1099 2942 19
1126 2906 1166 2943 οἵ
1188 2910 1239 2949 τε]
1265 2906 1301 2943 οὶ
1326 2907 1362 2943 δὲ
1385 2906 1438 2941 SP
1531 2909 1572 2939 20
1599 2905 1636 2941 δὲ
1650 2904 1804 2940 ROSPE
1898 2906 1936 2938 21
1965 2913 2006 2940 τε

340 2975 406 3000 om.
435 2964 534 2998 ROE
628 2962 868 3010 *γενόμενοσ
892 2964 922 2998 L
1017 2967 1058 2998 24
1085 2964 1151 2999 *δὲ
1176 2963 1236 2997 PL
1333 2961 1598 3008 ταραχθέιτες]
1624 2961 1771 2996 excussi
1791 2960 1863 2996 Lat
