2170 3475
369 237 561 274 XXXVIII
1099 225 1296 262 Praefatio.

373 363 611 407 περιχαρις
648 345 857 401 {2699329
910 340 1048 384 simile
1087 340 1337 383 obseruatur
1366 337 1430 380 IX
1461 338 1485 378 9
1512 349 1574 390 sq.
1585 369 1596 391 ‚
1626 336 1702 379 ubi
1731 335 1852 380 codd.
1884 336 2033 380 MSPE

372 379 529 462 liabent
561 416 744 457 ἱκέτευεν
776 408 996 464 ἰιαζίιῄος
1026 401 1435 461 (1].ε.’[αζίηκος),
1476 408 1620 446 contra
1650 403 1724 447 RO
1759 403 1921 446 ἱκέτειε
1955 401 2033 447 τὸν

372 483 483 526 θεὸν
505 483 578 524 ἵια
600 477 636 522 ἱ·
628 476 884 535 εερμαχήση
910 470 1060 524 αὗτοῖς
1092 472 1250 529 ζηῖᾞὶος
1295 472 1404 514 alius
1425 471 1590 526 generis
1612 484 1753 515 errore
1773 472 1832 514 IV
1857 475 1935 514 108
1955 485 2034 528 pro

1817 551 1838 574 τ
1865 553 1876 573 ι
1929 551 1990 575 οισ

375 597 605 649 αἱμασιαῖς
635 593 678 634 in
700 590 772 633 RO
795 594 858 632 est
880 587 990 641 aiace
1019 586 1185 640 τριγχοὶ
1214 581 1391 635 oolam,
1424 586 1559 626 ortum
1579 582 1685 625 illud
1706 597 1759 626 ex
1783 551 2034 637 αἶβέἔιαισ,

373 666 479 706 sicut
500 661 561 704 IX
587 662 666 701 192
697 672 792 702 eum
824 657 991 700 codices
1012 653 1124 697 MSP
1145 655 1258 695 recte
1280 652 1466 694 habeant
1489 649 1742 707 διήρπασαν
1767 649 1845 708 τὴν
1874 650 2036 707 χώραν,

372 730 446 773 RO
479 725 722 784 διήρπαζον
754 726 905 767 πᾶσαν
934 721 1012 779 τὴν
1038 720 1198 776 χώραν,
1229 721 1272 762 in
1293 721 1442 762 horum
1463 719 1697 774 archetypo
1719 719 1849 763 fuisse
1869 719 2038 764 uidetur

486 820 493 830 a
529 807 564 829 ζΓ

375 808 630 898 ὁιήρὲίαὲοιῖ.
682 842 941 894 postremum
961 834 1072 878 addo
1104 834 1242 876 locum
1274 832 1593 875 memorabilem
1612 832 1676 874 III
1698 835 1763 886 65,
1795 833 1868 875 ubi
1897 833 1940 875 in
1960 831 2036 876 Ro

376 911 529 954 omissa
558 910 654 951 sunt
673 905 805 949 uerba
826 900 1104 957 εὐχαριστίαν
1128 925 1181 931 -
1203 902 1417 956 Μωυσῆν,
1449 898 1527 942 sed
1558 902 1604 942 ut
1633 900 1868 942 sententiae
1896 899 2038 943 hiatus

374 979 516 1031 aliquo
553 974 679 1018 modo
710 973 950 1028 expleretur
980 969 1174 1012 additum
1205 972 1268 1010 est
1299 965 1512 1009 ἐποιεῖτο.
1563 966 1728 1010 accedit
1763 966 1878 1020 quod.
1909 967 2039 1010 etiam

376 1045 546 1088 nomina
577 1041 791 1084 Hebraica
819 1041 862 1082 in
894 1038 966 1081 RO
999 1037 1170 1079 minime
1200 1036 1359 1078 intacta
1388 1035 1536 1077 relicta
1566 1039 1686 1088 sunt,
1733 1048 1828 1077 cum
1857 1048 1942 1078 non
1972 1047 2036 1078 so-

376 1114 462 1155 lum
502 1123 765 1154 communem
809 1106 998 1151 omnium
1043 1105 1245 1147 librorum
1276 1108 1555 1146 correctorem
1600 1102 1767 1157 experti
1811 1102 1917 1157 sint,
1963 1102 2042 1146 sed

377 1181 506 1224 etiam
536 1191 647 1220 nunc
676 1176 751 1218 alii
781 1174 950 1217 codices
981 1172 1191 1215 interdum
1224 1171 1408 1213 habeant
1439 1171 1627 1213 meliora.
1688 1169 1732 1212 id
1762 1183 1862 1213 uero
1894 1175 2040 1214 tenen-

378 1249 476 1290 dum
504 1251 568 1288 est
596 1242 977 1298 interpolationem,
1010 1253 1136 1293 quam
1158 1237 1231 1281 RO
1263 1238 1377 1293 passi
1407 1242 1516 1292 sunt,
1547 1238 1680 1280 multo
1713 1250 1807 1280 esse
1837 1237 2041 1281 rariorem

379 1322 421 1358 et
449 1315 698 1370 plerumque
729 1311 860 1353 multo
892 1308 1030 1351 minus
1061 1307 1229 1349 doctam
1261 1319 1389 1359 quam
1420 1318 1537 1359 eam,
1571 1319 1682 1359 quae
1715 1305 1758 1347 in
1790 1305 1942 1349 ceteris
1973 1319 2040 1350 co-

378 1383 541 1425 dicibus
574 1381 833 1422 obseruatur.
882 1389 975 1418 cum
1015 1374 1142 1429 igitur
1173 1373 1339 1416 codices
1370 1372 1443 1415 RO
1484 1386 1562 1415 nec
1602 1372 1726 1415 nimis
1766 1373 1923 1416 uetusti
1961 1373 2045 1416 sint

379 1457 421 1494 et
451 1448 594 1492 multis
626 1444 871 1500 corruptelis
902 1443 1059 1496 referti,
1090 1442 1151 1483 ita
1174 1454 1246 1483 eos
1267 1440 1390 1482 huius
1411 1439 1608 1483 editionis
1639 1440 1917 1483 fundamenta
1946 1453 2042 1484 esse

379 1518 506 1570 uolui,
543 1520 588 1557 ut
617 1529 700 1557 non
730 1513 809 1556 soli
838 1511 1010 1566 Iosephi
1041 1509 1263 1551 uerborum
1298 1508 1436 1550 fontes
1466 1507 1653 1549 habendi
1683 1507 1785 1560 sint,
1816 1507 1893 1551 sed
1924 1521 2045 1563 prae-

381 1585 503 1640 cipui,
532 1597 609 1626 ncc
639 1583 722 1624 sint
751 1578 1004 1633 neglegendi
1034 1576 1187 1629 reliqui
1217 1576 1412 1630 quamuis
1443 1575 1581 1630 magis
1611 1574 1864 1630 interpolati.

494 1652 687 1694 Ceterum
708 1647 874 1691 codices
896 1648 932 1688 R
954 1652 996 1689 et
1017 1645 1051 1688 O
1078 1644 1281 1687 simillimi
1311 1648 1420 1697 sunt,
1450 1648 1495 1685 ut
1516 1656 1589 1686 eos
1620 1655 1675 1684 ex
1706 1656 1788 1685 uno
1819 1643 1935 1687 fonte
1957 1657 2043 1687 ma-

382 1733 507 1762 nasse
548 1723 706 1759 certum
745 1715 851 1767 sit.¹)
897 1720 937 1756 et
977 1728 1029 1756 ne
1061 1713 1153 1766 quis
1192 1716 1311 1754 tanta
1349 1710 1625 1754 similitudine
1666 1714 1899 1754 commotus
1931 1710 2043 1756 Oxo-

383 1788 571 1830 niensem
605 1787 721 1838 putet
752 1796 803 1825 ex
836 1782 967 1836 Regio
1001 1780 1298 1835 transcriptum
1329 1792 1446 1832 esse,
1488 1778 1571 1821 loci
1603 1777 1774 1833 quidam
1805 1779 2047 1834 proferendi

383 1859 501 1906 sunt,
542 1866 593 1894 cx
631 1852 783 1904 quibus
814 1854 1021 1904 appareat
1050 1863 1130 1891 non
1163 1848 1305 1890 omnia
1335 1861 1479 1890 eorum
1511 1859 1605 1888 esse
1637 1846 1886 1889 communia.
1947 1861 2047 1891 nam

383 1923 403 1964 I
434 1924 514 1961 202
546 1920 659 1961 solus
690 1917 725 1961 O
757 1918 886 1960 habet
915 1918 1044 1958 τοῦτο
1076 1916 1221 1972 61202,
1266 1916 1303 1957 R
1333 1928 1427 1958 cum
1460 1914 1610 1957 ceteris
1653 1908 1911 1969 αποσημαίν
1916 1930 1954 1957 ει
1995 1913 2045 1957 τὸ

385 1985 538 2041 (horca.
571 1987 627 2028 IV
650 1989 729 2027 2ῠο
762 1986 876 2028 solus
907 1985 941 2026 R
973 1989 1085 2027 recte
1117 1983 1271 2027 omittit
1301 1981 1355 2024 τὰ
1388 1976 1534 2035 όιιοια.
1567 1981 1681 2034 quod
1703 1979 1738 2023 O
1770 1995 1866 2025 cum
1896 1983 2047 2026 ceteris

387 2055 747 2098 exhibet.11154
779 2053 821 2095 in
852 2051 886 2094 O
919 2066 1011 2094 cum
1042 2052 1137 2094 aliis
1167 2051 1286 2094 libris
1315 2050 1468 2105 legitur
1496 2047 1633 2102 Ὠροι,
1665 2062 1749 2091 non
1782 2038 1923 2101 Οἷρον
1955 2061 2049 2091 cum

386 2126 441 2178 R,
483 2129 523 2166 ct
563 2121 757 2163 similiter
789 2121 845 2162 IV
885 2124 1046 2172 1(.’,37,
1087 2122 1138 2161 ;)8
1170 2120 1341 2162 nomina
1371 2118 1666 2161 seditiosorum
1698 2116 1784 2158 alia
1817 2115 1891 2158 dat
1920 2129 1970 2158 ac
2000 2116 2050 2158 R.

386 2158 495 2235 inii-a
534 2190 587 2231 IV
621 2192 670 2230 si
713 2201 805 2230 cum
838 2188 877 2229 M
916 2186 1035 2228 addit
1078 2187 1194 2241 ἴσον,
1235 2200 1328 2229 cum
1368 2187 1517 2229 eodem
1557 2185 1656 2227 VIII
1693 2186 1774 2225 245
1814 2184 1968 2226 omittit
2006 2181 2051 2225 ἐν

385 2257 570 2307 τούτοις,
603 2262 823 2307 utrumque
856 2260 998 2296 contra
1028 2255 1319 2297 auctoritatem
1350 2254 1484 2309 Regii.
1535 2253 1596 2295 III
1619 2254 1699 2293 ‘259
1731 2252 1846 2294 solus
1868 2250 1903 2294 Ο
1935 2248 2051 2307 ἡμᾶς

387 2353 430 2357 ---
472 2325 643 2368 ἐσθίειν
683 2323 831 2375 habet,
870 2322 906 2363 R
945 2336 1036 2364 cum
1068 2322 1217 2365 ceteris
1258 2319 1358 2376 ἡμῖν
1400 2319 1527 2363 eirca.
1590 2326 1631 2362 et
1662 2320 1909 2374 plerumque
1938 2319 1976 2362 R
2006 2325 2051 2361 ut

387 2393 599 2447 antiquior
637 2391 697 2432 ita
737 2389 885 2432 mclior
917 2395 979 2431 cst
1010 2397 1051 2431 ct
1081 2404 1300 2433 commune
1336 2390 1612 2444 archetypum
1643 2388 1802 2430 maiore
1841 2400 1935 2429 cum
1965 2385 2051 2430 fide

389 2461 607 2516 expressit.
657 2458 811 2500 accidit
842 2457 965 2509 enim,
999 2463 1042 2498 ut
1073 2459 1277 2512 corruptis
1308 2458 1427 2512 Regii
1460 2457 1610 2498 litteris
1641 2455 1683 2497 in
1711 2454 1745 2497 Ο
1778 2454 1947 2498 medela
1976 2453 2050 2497 ad-

390 2531 476 2571 lata
514 2530 589 2580 sit;
633 2526 747 2569 uclut
778 2526 795 2567 1
835 2529 909 2564 125>
950 2525 990 2565 in
1024 2525 1057 2565 R
1090 2530 1153 2566 cst
1184 2524 1433 2580 ἱλλιμίσταὶ
1469 2521 1901 2578 (1).ο.ἑλλήνισται),
1942 2522 1983 2565 in
2015 2520 2052 2564 O

390 2600 618 2639 correctum
651 2593 867 2648 ἑλληνιστὶ
904 2592 1111 2633 λέλεκται.
1164 2593 1201 2633 Il
1224 2596 1248 2643 ς’
1272 2596 1323 2633 20
1347 2593 1552 2635 habemus
1582 2586 1790 2647 ἥσθησαν
1820 2592 1912 2643 μέν,
1946 2583 2048 2631 ἀλλ’

391 2662 508 2716 οἰχ(
527 2680 546 2711 ς
569 2662 599 2704 ἑ
599 2679 624 2703 τ
669 2661 830 2702 οικείοι·
855 2673 1090 2713 raporum
1124 2673 1231 2713 quac
1264 2661 1303 2701 in
1332 2661 1367 2701 R
1399 2664 1595 2714 corrupta
1625 2662 1721 2701 sunt
1751 2658 1792 2699 in
1825 2658 1935 2699 hunc
1965 2670 2051 2737 mo-

685 2724 768 2737 )-·)

511 2879 537 2912 l)
563 2875 620 2917 qui
650 2874 802 2907 fortasse
829 2873 895 2907 fuit
921 2872 1012 2905 liber
1036 2871 1247 2905 minusculis
1280 2874 1319 2905 ut
1351 2871 1453 2905 aiunt
1485 2871 1615 2906 littoris
1649 2871 1898 2916 conscriptus,
1929 2869 2054 2915 quales

393 2931 546 2966 saeculis
575 2931 628 2963 IX
670 2930 735 2963 xil
762 2929 868 2963 scribi
897 2928 1078 2970 solebant3
1112 2928 1147 2961 id
1179 2927 1273 2971 qnod
1300 2938 1342 2961 co
1375 2927 1470 2962 effici
1502 2930 1638 2972 potest,
1672 2928 1766 2972 quod
1792 2928 1808 2961 I
1835 2929 1854 2970 ξ
1881 2930 1923 2961 93
1951 2925 2054 2971 Regii

397 2987 627 3033 Ιίορβιντιίυν
653 2986 685 3019 in
713 2986 907 3021 Oxonicnsi
933 2988 988 3020 cst
1017 2985 1249 3030 hove-ruitur.
