<?xml version="1.0" encoding="UTF-8"?>
<!DOCTYPE html PUBLIC "-//W3C//DTD XHTML 1.0 Transitional//EN"
    "http://www.w3.org/TR/xhtml1/DTD/xhtml1-transitional.dtd">
<html xmlns="http://www.w3.org/1999/xhtml" xml:lang="en" lang="en">
 <head>
  <title>
</title>
<meta http-equiv="Content-Type" content="text/html;charset=utf-8" />
  <meta name='ocr-system' content='tesseract 3.04.00' />
  <meta name='ocr-capabilities' content='ocr_page ocr_carea ocr_par ocr_line ocrx_word'/>
</head>
<body>
  <div class='ocr_page' id='page_1' title='image "./operajosephus01joseuoft/operajosephus01joseuoft_0394.png"; bbox 0 0 2160 3439; ppageno 0'>
   <div class='ocr_carea' id='block_1_1' title="bbox 379 204 1554 249">
    <p class='ocr_par' dir='ltr' id='par_1_1' title="bbox 379 204 1554 249">
     <span class='ocr_line' id='line_1_1' title="bbox 379 204 1554 249; baseline -0.009 -1"><span class='ocrx_word' id='word_1_1' title='bbox 379 209 460 248; x_wconf 86' lang='lat'><em>302</em></span> <span class='ocrx_word' id='word_1_2' title='bbox 866 204 1030 249; x_wconf 79' lang='lat' dir='ltr'><strong>ANTIQ.</strong></span> <span class='ocrx_word' id='word_1_3' title='bbox 1055 205 1153 241; x_wconf 91' lang='lat' dir='ltr'><strong>IUD.</strong></span> <span class='ocrx_word' id='word_1_4' title='bbox 1178 204 1211 239; x_wconf 89' lang='lat' dir='ltr'><strong>V</strong></span> <span class='ocrx_word' id='word_1_5' title='bbox 1235 207 1369 240; x_wconf 79' lang='lat'>47—52</span> <span class='ocrx_word' id='word_1_6' title='bbox 1395 208 1554 249; x_wconf 82' lang='lat'><strong>(115.16)</strong></span> 
     </span>
    </p>
   </div>
   <div class='ocr_carea' id='block_1_2' title="bbox 309 315 2050 1729">
    <p class='ocr_par' dir='ltr' id='par_1_2' title="bbox 376 315 2044 443">
     <span class='ocr_line' id='line_1_2' title="bbox 378 315 2044 378; baseline -0.002 -14"><span class='ocrx_word' id='word_1_7' title='bbox 378 322 527 378; x_wconf 80' lang='grc' dir='ltr'><em>ἑώρων</em></span> <span class='ocrx_word' id='word_1_8' title='bbox 571 322 643 362; x_wconf 80' lang='grc' dir='ltr'><em>καὶ</em></span> <span class='ocrx_word' id='word_1_9' title='bbox 688 321 1119 375; x_wconf 78' lang='grc' dir='ltr'><em>καταπιμπραμένην</em></span> <span class='ocrx_word' id='word_1_10' title='bbox 1163 315 1275 372; x_wconf 81' lang='grc' dir='ltr'><em>ὁμοῦ</em></span> <span class='ocrx_word' id='word_1_11' title='bbox 1318 317 1490 373; x_wconf 83' lang='grc' dir='ltr'><em>γυναιξὶ</em></span> <span class='ocrx_word' id='word_1_12' title='bbox 1533 319 1607 361; x_wconf 86' lang='grc' dir='ltr'><em>καὶ</em></span> <span class='ocrx_word' id='word_1_13' title='bbox 1649 320 1817 368; x_wconf 89' lang='grc' dir='ltr'><em>τέκνοις</em></span> <span class='ocrx_word' id='word_1_14' title='bbox 1859 318 2044 361; x_wconf 86' lang='grc' dir='ltr'><em>κατέλα-</em></span> 
     </span>
     <span class='ocr_line' id='line_1_3' title="bbox 376 381 2044 443; baseline -0.002 -12"><span class='ocrx_word' id='word_1_15' title='bbox 376 393 476 443; x_wconf 88' lang='grc' dir='ltr'><em>βον,</em></span> <span class='ocrx_word' id='word_1_16' title='bbox 515 385 590 430; x_wconf 83' lang='grc' dir='ltr'><em>διὰ</em></span> <span class='ocrx_word' id='word_1_17' title='bbox 621 388 709 429; x_wconf 81' lang='grc' dir='ltr'><em>τῶν</em></span> <span class='ocrx_word' id='word_1_18' title='bbox 750 381 893 442; x_wconf 74' lang='grc' dir='ltr'><em>ἀγρῶν</em></span> <span class='ocrx_word' id='word_1_19' title='bbox 933 385 1254 436; x_wconf 74' lang='grc' dir='ltr'><strong><em>σκεδασθέντες</em></strong></span> <span class='ocrx_word' id='word_1_20' title='bbox 1284 387 1358 428; x_wconf 88' lang='grc' dir='ltr'><em>καὶ</em></span> <span class='ocrx_word' id='word_1_21' title='bbox 1389 381 1567 440; x_wconf 75' lang='grc' dir='ltr'><em>ἆμύνειν</em></span> <span class='ocrx_word' id='word_1_22' title='bbox 1599 381 1749 435; x_wconf 67' lang='grc' dir='ltr'><em>αυτοῖς</em></span> <span class='ocrx_word' id='word_1_23' title='bbox 1779 382 1867 428; x_wconf 75' lang='grc' dir='ltr'><em>ὕπὸ</em></span> <span class='ocrx_word' id='word_1_24' title='bbox 1898 385 2044 440; x_wconf 82' lang='grc' dir='ltr'><em>μονώ-</em></span> 
     </span>
    </p>

    <p class='ocr_par' dir='ltr' id='par_1_3' title="bbox 309 450 2047 848">
     <span class='ocr_line' id='line_1_4' title="bbox 309 450 2044 510; baseline -0.002 -12"><span class='ocrx_word' id='word_1_25' title='bbox 309 460 362 500; x_wconf 81' lang='lat'><em>48</em></span> <span class='ocrx_word' id='word_1_26' title='bbox 382 470 493 504; x_wconf 88' lang='grc' dir='ltr'><em>σεως</em></span> <span class='ocrx_word' id='word_1_27' title='bbox 523 451 572 497; x_wconf 78' lang='grc' dir='ltr'><em>οὗ</em></span> <span class='ocrx_word' id='word_1_28' title='bbox 605 450 841 508; x_wconf 86' lang='grc' dir='ltr'><em>δυνάμενοι</em></span> <span class='ocrx_word' id='word_1_29' title='bbox 873 470 914 496; x_wconf 86' lang='grc'><em>*.</em></span> <span class='ocrx_word' id='word_1_30' title='bbox 965 452 1173 510; x_wconf 73' lang='grc' dir='ltr'><em>τοιαύτης</em></span> <span class='ocrx_word' id='word_1_31' title='bbox 1204 452 1251 495; x_wconf 86' lang='grc' dir='ltr'><em>δὲ</em></span> <span class='ocrx_word' id='word_1_32' title='bbox 1281 455 1359 508; x_wconf 91' lang='grc' dir='ltr'><em>τῆς</em></span> <span class='ocrx_word' id='word_1_33' title='bbox 1391 455 1622 509; x_wconf 83' lang='grc' dir='ltr'><em>συμφορᾶς</em></span> <span class='ocrx_word' id='word_1_34' title='bbox 1649 452 1751 503; x_wconf 77' lang='grc' dir='ltr'><em>τοὺς</em></span> <span class='ocrx_word' id='word_1_35' title='bbox 1773 451 2044 503; x_wconf 74' lang='grc' dir='ltr'><em>Ναϊτιανοὺς</em></span> 
     </span>
     <span class='ocr_line' id='line_1_5' title="bbox 376 517 2045 579; baseline -0.002 -14"><span class='ocrx_word' id='word_1_36' title='bbox 376 521 723 579; x_wconf 75' lang='grc' dir='ltr'><em>καταλαβούσης,</em></span> <span class='ocrx_word' id='word_1_37' title='bbox 756 520 932 564; x_wconf 89' lang='grc' dir='ltr'><em>παίδων</em></span> <span class='ocrx_word' id='word_1_38' title='bbox 962 537 1010 563; x_wconf 87' lang='grc' dir='ltr'><em>τε</em></span> <span class='ocrx_word' id='word_1_39' title='bbox 1040 517 1168 573; x_wconf 74' lang='grc' dir='ltr'><em>ὄχλος</em></span> <span class='ocrx_word' id='word_1_40' title='bbox 1198 518 1313 562; x_wconf 76' lang='grc' dir='ltr'><em>ἑάλω</em></span> <span class='ocrx_word' id='word_1_41' title='bbox 1343 521 1414 562; x_wconf 82' lang='grc' dir='ltr'><em>καὶ</em></span> <span class='ocrx_word' id='word_1_42' title='bbox 1446 522 1661 574; x_wconf 79' lang='grc' dir='ltr'><em>γυναικῶν</em></span> <span class='ocrx_word' id='word_1_43' title='bbox 1690 523 1763 564; x_wconf 88' lang='grc' dir='ltr'><em>καὶ</em></span> <span class='ocrx_word' id='word_1_44' title='bbox 1794 523 2045 576; x_wconf 77' lang='grc' dir='ltr'><em>θεραπείας</em></span> 
     </span>
     <span class='ocr_line' id='line_1_6' title="bbox 376 583 2046 646; baseline -0.001 -14"><span class='ocrx_word' id='word_1_45' title='bbox 376 591 450 633; x_wconf 90' lang='grc' dir='ltr'><em>καὶ</em></span> <span class='ocrx_word' id='word_1_46' title='bbox 480 591 557 646; x_wconf 86' lang='grc' dir='ltr'><em>τῆς</em></span> <span class='ocrx_word' id='word_1_47' title='bbox 588 586 724 646; x_wconf 73' lang='grc' dir='ltr'><em>ἄλλης</em></span> <span class='ocrx_word' id='word_1_48' title='bbox 755 584 1003 645; x_wconf 73' lang='grc' dir='ltr'><em>ἀποσκευῆς</em></span> <span class='ocrx_word' id='word_1_49' title='bbox 1035 584 1222 643; x_wconf 76' lang='grc' dir='ltr'><em>ἄπειρόν</em></span> <span class='ocrx_word' id='word_1_50' title='bbox 1252 603 1296 630; x_wconf 91' lang='grc' dir='ltr'><em>τι</em></span> <span class='ocrx_word' id='word_1_51' title='bbox 1327 588 1519 644; x_wconf 79' lang='grc' dir='ltr'><em>πλῆθος,</em></span> <span class='ocrx_word' id='word_1_52' title='bbox 1557 583 1716 643; x_wconf 83' lang='grc' dir='ltr'><em>άγέλας</em></span> <span class='ocrx_word' id='word_1_53' title='bbox 1745 604 1792 630; x_wconf 89' lang='grc' dir='ltr'><em>τε</em></span> <span class='ocrx_word' id='word_1_54' title='bbox 1821 586 2046 644; x_wconf 85' lang='grc' dir='ltr'><em>βοσκημά-</em></span> 
     </span>
     <span class='ocr_line' id='line_1_7' title="bbox 376 644 2046 712; baseline -0.001 -13"><span class='ocrx_word' id='word_1_55' title='bbox 376 673 464 699; x_wconf 85' lang='grc' dir='ltr'><em>των</em></span> <span class='ocrx_word' id='word_1_56' title='bbox 496 656 654 712; x_wconf 72' lang='grc' dir='ltr'><em>ἕλαβον</em></span> <span class='ocrx_word' id='word_1_57' title='bbox 686 657 729 699; x_wconf 81' lang='grc' dir='ltr'><em>οἱ</em></span> <span class='ocrx_word' id='word_1_58' title='bbox 755 653 950 712; x_wconf 75' lang='grc' dir='ltr'><em>Ἑβραῖοι</em></span> <span class='ocrx_word' id='word_1_59' title='bbox 979 657 1052 698; x_wconf 86' lang='grc' dir='ltr'><em>καὶ</em></span> <span class='ocrx_word' id='word_1_60' title='bbox 1079 655 1282 712; x_wconf 83' lang='grc' dir='ltr'><em>χρήματα</em></span> <span class='ocrx_word' id='word_1_61' title='bbox 1320 654 1490 706; x_wconf 87' lang='grc' dir='ltr'><em>πολλά,</em></span> <span class='ocrx_word' id='word_1_62' title='bbox 1531 657 1604 698; x_wconf 86' lang='grc' dir='ltr'><em>καὶ</em></span> <span class='ocrx_word' id='word_1_63' title='bbox 1635 653 1716 711; x_wconf 77' lang='grc' dir='ltr'><em>γὰρ</em></span> <span class='ocrx_word' id='word_1_64' title='bbox 1749 654 1965 698; x_wconf 75' lang='grc' dir='ltr'><em>πλούσιον</em></span> <span class='ocrx_word' id='word_1_65' title='bbox 1993 644 2046 710; x_wconf 82' lang='grc' dir='ltr'><em>ἧν</em></span> 
     </span>
     <span class='ocr_line' id='line_1_8' title="bbox 376 717 2047 779; baseline -0.002 -12"><span class='ocrx_word' id='word_1_66' title='bbox 376 723 426 767; x_wconf 83' lang='grc' dir='ltr'><em>τὸ</em></span> <span class='ocrx_word' id='word_1_67' title='bbox 455 728 632 779; x_wconf 87' lang='grc' dir='ltr'><em>χωρίον,</em></span> <span class='ocrx_word' id='word_1_68' title='bbox 663 725 736 766; x_wconf 89' lang='grc' dir='ltr'><em>καὶ</em></span> <span class='ocrx_word' id='word_1_69' title='bbox 767 726 907 766; x_wconf 82' lang='grc' dir='ltr'><em>ταῦτα</em></span> <span class='ocrx_word' id='word_1_70' title='bbox 938 723 1086 766; x_wconf 89' lang='grc' dir='ltr'><em>πάντα</em></span> <span class='ocrx_word' id='word_1_71' title='bbox 1114 732 1209 774; x_wconf 88' lang='grc' dir='ltr'><em>τοῖς</em></span> <span class='ocrx_word' id='word_1_72' title='bbox 1240 721 1536 778; x_wconf 84' lang='grc' dir='ltr'><em>στρατιώταις</em></span> <span class='ocrx_word' id='word_1_73' title='bbox 1562 717 1726 779; x_wconf 69' lang='grc' dir='ltr'><em>Ἰησοῦς</em></span> <span class='ocrx_word' id='word_1_74' title='bbox 1757 722 1972 777; x_wconf 84' lang='grc' dir='ltr'><em>διένειμεν</em></span> <span class='ocrx_word' id='word_1_75' title='bbox 2002 720 2047 764; x_wconf 78' lang='grc' dir='ltr'><em>ἐν</em></span> 
     </span>
     <span class='ocr_line' id='line_1_9' title="bbox 378 791 900 848; baseline 0 -14"><span class='ocrx_word' id='word_1_76' title='bbox 378 792 625 848; x_wconf 75' lang='grc' dir='ltr'><em>Γαλγάλοις</em></span> <span class='ocrx_word' id='word_1_77' title='bbox 653 791 900 846; x_wconf 82' lang='grc' dir='ltr'><em>γενόμενος.</em></span> 
     </span>
    </p>

    <p class='ocr_par' dir='ltr' id='par_1_4' title="bbox 309 854 2049 1187">
     <span class='ocr_line' id='line_1_10' title="bbox 309 854 2048 914; baseline -0.003 -9"><span class='ocrx_word' id='word_1_78' title='bbox 309 865 363 905; x_wconf 84' lang='grc'><em>49</em></span> <span class='ocrx_word' id='word_1_79' title='bbox 497 863 562 902; x_wconf 90' lang='grc'><em>16.</em></span> <span class='ocrx_word' id='word_1_80' title='bbox 609 863 878 913; x_wconf 79' lang='grc' dir='ltr'><em>Γεβεωνῖται</em></span> <span class='ocrx_word' id='word_1_81' title='bbox 908 859 955 901; x_wconf 83' lang='grc' dir='ltr'><em>δὲ</em></span> <span class='ocrx_word' id='word_1_82' title='bbox 984 861 1288 909; x_wconf 83' lang='grc' dir='ltr'><em>κατοικοῦντες</em></span> <span class='ocrx_word' id='word_1_83' title='bbox 1318 858 1495 914; x_wconf 71' lang='grc' dir='ltr'><em>ἔγγιστα</em></span> <span class='ocrx_word' id='word_1_84' title='bbox 1525 865 1619 908; x_wconf 89' lang='grc' dir='ltr'><em>τοῖς</em></span> <span class='ocrx_word' id='word_1_85' title='bbox 1643 854 1963 913; x_wconf 82' lang='grc' dir='ltr'><em>Ἱεροσολύμοις</em></span> <span class='ocrx_word' id='word_1_86' title='bbox 1992 855 2048 899; x_wconf 89' lang='grc' dir='ltr'><em>τά</em></span> 
     </span>
     <span class='ocr_line' id='line_1_11' title="bbox 377 921 2048 984; baseline -0.002 -15"><span class='ocrx_word' id='word_1_87' title='bbox 377 944 424 970; x_wconf 92' lang='grc' dir='ltr'><em>τε</em></span> <span class='ocrx_word' id='word_1_88' title='bbox 444 936 540 978; x_wconf 90' lang='grc' dir='ltr'><em>τοῖς</em></span> <span class='ocrx_word' id='word_1_89' title='bbox 557 924 875 982; x_wconf 79' lang='grc' dir='ltr'><em>Ἱεριχουντίοις</em></span> <span class='ocrx_word' id='word_1_90' title='bbox 897 926 1202 984; x_wconf 81' lang='grc' dir='ltr'><em>συμβεβηκότα</em></span> <span class='ocrx_word' id='word_1_91' title='bbox 1223 922 1355 983; x_wconf 87' lang='grc' dir='ltr'><em>πάθη</em></span> <span class='ocrx_word' id='word_1_92' title='bbox 1377 925 1520 969; x_wconf 79' lang='grc' dir='ltr'><em>καὶτὰ</em></span> <span class='ocrx_word' id='word_1_93' title='bbox 1537 934 1632 976; x_wconf 90' lang='grc' dir='ltr'><em>τοῖς</em></span> <span class='ocrx_word' id='word_1_94' title='bbox 1654 929 1887 975; x_wconf 85' lang='grc' dir='ltr'><em>Ναϊτίνοις</em></span> <span class='ocrx_word' id='word_1_95' title='bbox 1907 921 2048 979; x_wconf 78' lang='grc' dir='ltr'><em>ὁρῶν-</em></span> 
     </span>
     <span class='ocr_line' id='line_1_12' title="bbox 376 988 2048 1051; baseline -0.001 -14"><span class='ocrx_word' id='word_1_96' title='bbox 376 1011 448 1045; x_wconf 88' lang='grc' dir='ltr'><em>τες</em></span> <span class='ocrx_word' id='word_1_97' title='bbox 478 995 551 1037; x_wconf 83' lang='grc' dir='ltr'><em>καὶ</em></span> <span class='ocrx_word' id='word_1_98' title='bbox 583 993 698 1050; x_wconf 86' lang='grc' dir='ltr'><em>πρὸς</em></span> <span class='ocrx_word' id='word_1_99' title='bbox 734 996 852 1051; x_wconf 85' lang='grc' dir='ltr'><em>σφᾶς</em></span> <span class='ocrx_word' id='word_1_100' title='bbox 890 993 1229 1051; x_wconf 72' lang='grc' dir='ltr'><em>μεταβήσεσθαι</em></span> <span class='ocrx_word' id='word_1_101' title='bbox 1265 993 1314 1036; x_wconf 84' lang='grc' dir='ltr'><em>τὸ</em></span> <span class='ocrx_word' id='word_1_102' title='bbox 1356 992 1500 1037; x_wconf 86' lang='grc' dir='ltr'><em>δεινὸν</em></span> <span class='ocrx_word' id='word_1_103' title='bbox 1539 990 1855 1045; x_wconf 73' lang='grc' dir='ltr'><em>ὑπονοοῦντες,</em></span> <span class='ocrx_word' id='word_1_104' title='bbox 1881 988 2048 1050; x_wconf 81' lang='grc' dir='ltr'><em>Ἰησοῦν</em></span> 
     </span>
     <span class='ocr_line' id='line_1_13' title="bbox 377 1057 2047 1118; baseline -0.002 -13"><span class='ocrx_word' id='word_1_105' title='bbox 377 1062 456 1117; x_wconf 84' lang='grc' dir='ltr'><em>μὲν</em></span> <span class='ocrx_word' id='word_1_106' title='bbox 487 1063 762 1117; x_wconf 86' lang='grc' dir='ltr'><em>παρακαλεῖν</em></span> <span class='ocrx_word' id='word_1_107' title='bbox 794 1057 843 1105; x_wconf 79' lang='grc' dir='ltr'><em>οὗ</em></span> <span class='ocrx_word' id='word_1_108' title='bbox 876 1062 1140 1118; x_wconf 88' lang='grc' dir='ltr'><em>διέγνωσαν·</em></span> <span class='ocrx_word' id='word_1_109' title='bbox 1181 1057 1281 1105; x_wconf 73' lang='grc' dir='ltr'><em>οὐδὲ</em></span> <span class='ocrx_word' id='word_1_110' title='bbox 1319 1060 1402 1118; x_wconf 85' lang='grc' dir='ltr'><em>γὰρ</em></span> <span class='ocrx_word' id='word_1_111' title='bbox 1432 1060 1674 1111; x_wconf 87' lang='grc' dir='ltr'><em>τεύξεσθαί</em></span> <span class='ocrx_word' id='word_1_112' title='bbox 1702 1075 1823 1110; x_wconf 85' lang='grc' dir='ltr'><em>τινος</em></span> <span class='ocrx_word' id='word_1_113' title='bbox 1851 1062 1939 1103; x_wconf 81' lang='grc' dir='ltr'><em>τῶν</em></span> <span class='ocrx_word' id='word_1_114' title='bbox 1968 1076 2047 1114; x_wconf 90' lang='grc' dir='ltr'><em>με-</em></span> 
     </span>
     <span class='ocr_line' id='line_1_14' title="bbox 377 1125 2049 1187; baseline -0.001 -15"><span class='ocrx_word' id='word_1_115' title='bbox 377 1135 512 1187; x_wconf 90' lang='grc' dir='ltr'><em>τρίων</em></span> <span class='ocrx_word' id='word_1_116' title='bbox 556 1127 871 1184; x_wconf 70' lang='grc' dir='ltr'><em>ὑπελάμβανον</em></span> <span class='ocrx_word' id='word_1_117' title='bbox 917 1125 992 1172; x_wconf 72' lang='grc' dir='ltr'><em>ἐπ’</em></span> <span class='ocrx_word' id='word_1_118' title='bbox 1019 1125 1197 1186; x_wconf 82' lang='grc' dir='ltr'><em>ὀλέθρῳ</em></span> <span class='ocrx_word' id='word_1_119' title='bbox 1242 1131 1319 1172; x_wconf 83' lang='grc' dir='ltr'><em>τοῦ</em></span> <span class='ocrx_word' id='word_1_120' title='bbox 1358 1133 1630 1172; x_wconf 88' lang='grc' dir='ltr'><em>Χαναναίων</em></span> <span class='ocrx_word' id='word_1_121' title='bbox 1675 1127 1836 1178; x_wconf 71' lang='grc' dir='ltr'><em>ἔθνους</em></span> <span class='ocrx_word' id='word_1_122' title='bbox 1880 1126 2049 1178; x_wconf 84' lang='grc' dir='ltr'><em>παντὸς</em></span> 
     </span>
    </p>

    <p class='ocr_par' dir='ltr' id='par_1_5' title="bbox 311 1193 2049 1456">
     <span class='ocr_line' id='line_1_15' title="bbox 311 1193 2049 1255; baseline -0.003 -12"><span class='ocrx_word' id='word_1_123' title='bbox 311 1204 363 1243; x_wconf 87' lang='grc'><em>50</em></span> <span class='ocrx_word' id='word_1_124' title='bbox 380 1199 681 1252; x_wconf 85' lang='grc' dir='ltr'><em>πολεμοῦντος</em></span> <span class='ocrx_word' id='word_1_125' title='bbox 713 1193 891 1248; x_wconf 68' lang='grc' dir='ltr'><em>αὐτούς·</em></span> <span class='ocrx_word' id='word_1_126' title='bbox 930 1201 1189 1255; x_wconf 84' lang='grc' dir='ltr'><em>Κεφηρίτας</em></span> <span class='ocrx_word' id='word_1_127' title='bbox 1225 1197 1272 1239; x_wconf 82' lang='grc' dir='ltr'><em>δὲ</em></span> <span class='ocrx_word' id='word_1_128' title='bbox 1301 1198 1374 1240; x_wconf 85' lang='grc' dir='ltr'><em>καὶ</em></span> <span class='ocrx_word' id='word_1_129' title='bbox 1405 1200 1822 1252; x_wconf 84' lang='grc' dir='ltr'><em>Καριαθιαριμίτας</em></span> <span class='ocrx_word' id='word_1_130' title='bbox 1849 1199 2049 1251; x_wconf 80' lang='grc' dir='ltr'><em>γείτονας</em></span> 
     </span>
     <span class='ocr_line' id='line_1_16' title="bbox 378 1260 2049 1321; baseline -0.002 -12"><span class='ocrx_word' id='word_1_131' title='bbox 378 1262 510 1316; x_wconf 77' lang='grc' dir='ltr'><em>ὄντας</em></span> <span class='ocrx_word' id='word_1_132' title='bbox 541 1260 694 1316; x_wconf 75' lang='grc' dir='ltr'><em>αὖτοῖς</em></span> <span class='ocrx_word' id='word_1_133' title='bbox 715 1264 792 1309; x_wconf 79' lang='grc' dir='ltr'><em>ἐπὶ</em></span> <span class='ocrx_word' id='word_1_134' title='bbox 822 1270 1072 1320; x_wconf 81' lang='grc' dir='ltr'><em>συμμαχίαν</em></span> <span class='ocrx_word' id='word_1_135' title='bbox 1095 1264 1386 1321; x_wconf 81' lang='grc' dir='ltr'><em>παρεκάλουν,</em></span> <span class='ocrx_word' id='word_1_136' title='bbox 1420 1260 1514 1308; x_wconf 74' lang='grc' dir='ltr'><em>οὐδ’</em></span> <span class='ocrx_word' id='word_1_137' title='bbox 1543 1261 1702 1314; x_wconf 66' lang='grc' dir='ltr'><em>αὐτους</em></span> <span class='ocrx_word' id='word_1_138' title='bbox 1723 1262 2049 1321; x_wconf 80' lang='grc' dir='ltr'><em>διαφεύξεσθαι</em></span> 
     </span>
     <span class='ocr_line' id='line_1_17' title="bbox 377 1325 2049 1390; baseline -0.003 -13"><span class='ocrx_word' id='word_1_139' title='bbox 377 1332 454 1377; x_wconf 85' lang='grc' dir='ltr'><em>τὸν</em></span> <span class='ocrx_word' id='word_1_140' title='bbox 474 1333 673 1376; x_wconf 85' lang='grc' dir='ltr'><em>κίνδυνον</em></span> <span class='ocrx_word' id='word_1_141' title='bbox 695 1334 904 1389; x_wconf 83' lang='grc' dir='ltr'><em>λέγοντες,</em></span> <span class='ocrx_word' id='word_1_142' title='bbox 928 1333 967 1376; x_wconf 82' lang='grc' dir='ltr'><em>εἰ</em></span> <span class='ocrx_word' id='word_1_143' title='bbox 989 1330 1219 1390; x_wconf 77' lang='grc' dir='ltr'><em>φθάσαιεν</em></span> <span class='ocrx_word' id='word_1_144' title='bbox 1243 1328 1369 1376; x_wconf 75' lang='grc' dir='ltr'><em>αὐτοὶ</em></span> <span class='ocrx_word' id='word_1_145' title='bbox 1392 1333 1640 1390; x_wconf 87' lang='grc' dir='ltr'><em>ληφθέντες</em></span> <span class='ocrx_word' id='word_1_146' title='bbox 1666 1329 1752 1374; x_wconf 73' lang='grc' dir='ltr'><em>ὑπὸ</em></span> <span class='ocrx_word' id='word_1_147' title='bbox 1775 1332 1863 1373; x_wconf 80' lang='grc' dir='ltr'><em>τῶν</em></span> <span class='ocrx_word' id='word_1_148' title='bbox 1879 1325 2049 1387; x_wconf 81' lang='grc' dir='ltr'><em>Ἰσραη-</em></span> 
     </span>
     <span class='ocr_line' id='line_1_18' title="bbox 379 1396 2049 1456; baseline -0.002 -13"><span class='ocrx_word' id='word_1_149' title='bbox 379 1402 525 1453; x_wconf 80' lang='grc' dir='ltr'><em>λιτῶν,</em></span> <span class='ocrx_word' id='word_1_150' title='bbox 558 1405 920 1452; x_wconf 83' lang='grc' dir='ltr'><em>συνασπίσαντας</em></span> <span class='ocrx_word' id='word_1_151' title='bbox 957 1401 1003 1443; x_wconf 86' lang='grc' dir='ltr'><em>δὲ</em></span> <span class='ocrx_word' id='word_1_152' title='bbox 1036 1396 1186 1451; x_wconf 65' lang='grc' dir='ltr'><em>αὐτοῖς</em></span> <span class='ocrx_word' id='word_1_153' title='bbox 1217 1400 1457 1456; x_wconf 75' lang='grc' dir='ltr'><em>διέγνωσαν</em></span> <span class='ocrx_word' id='word_1_154' title='bbox 1489 1399 1727 1456; x_wconf 81' lang='grc' dir='ltr'><em>διαδρᾶναι</em></span> <span class='ocrx_word' id='word_1_155' title='bbox 1756 1397 1834 1454; x_wconf 81' lang='grc' dir='ltr'><em>τὴν</em></span> <span class='ocrx_word' id='word_1_156' title='bbox 1866 1397 2049 1452; x_wconf 82' lang='grc' dir='ltr'><em>δύναμιν</em></span> 
     </span>
    </p>

    <p class='ocr_par' dir='ltr' id='par_1_6' title="bbox 312 1463 2050 1594">
     <span class='ocr_line' id='line_1_19' title="bbox 312 1463 2050 1525; baseline -0.003 -12"><span class='ocrx_word' id='word_1_157' title='bbox 312 1475 360 1514; x_wconf 87' lang='grc'><em>51</em></span> <span class='ocrx_word' id='word_1_158' title='bbox 383 1465 539 1512; x_wconf 70' lang='grc' dir='ltr'><em>αὐτῶν.</em></span> <span class='ocrx_word' id='word_1_159' title='bbox 599 1468 971 1525; x_wconf 80' lang='grc' dir='ltr'><em>προσδεξαμένων</em></span> <span class='ocrx_word' id='word_1_160' title='bbox 1003 1468 1050 1511; x_wconf 87' lang='grc' dir='ltr'><em>δὲ</em></span> <span class='ocrx_word' id='word_1_161' title='bbox 1079 1467 1183 1519; x_wconf 72' lang='grc' dir='ltr'><em>τοὺς</em></span> <span class='ocrx_word' id='word_1_162' title='bbox 1214 1467 1369 1524; x_wconf 79' lang='grc' dir='ltr'><em>λόγους</em></span> <span class='ocrx_word' id='word_1_163' title='bbox 1401 1463 1545 1510; x_wconf 63' lang='grc' dir='ltr'><em>αὐτῶν</em></span> <span class='ocrx_word' id='word_1_164' title='bbox 1576 1470 1809 1521; x_wconf 83' lang='grc' dir='ltr'><em>πέμπουσι</em></span> <span class='ocrx_word' id='word_1_165' title='bbox 1840 1468 2050 1522; x_wconf 84' lang='grc' dir='ltr'><em>πρέσβεις</em></span> 
     </span>
     <span class='ocr_line' id='line_1_20' title="bbox 379 1531 2049 1594; baseline -0.002 -15"><span class='ocrx_word' id='word_1_166' title='bbox 379 1536 495 1594; x_wconf 84' lang='grc' dir='ltr'><em>πρὸς</em></span> <span class='ocrx_word' id='word_1_167' title='bbox 520 1533 687 1594; x_wconf 80' lang='grc' dir='ltr'><em>Ἰησοῦν</em></span> <span class='ocrx_word' id='word_1_168' title='bbox 719 1538 875 1594; x_wconf 87' lang='grc' dir='ltr'><em>φιλίαν</em></span> <span class='ocrx_word' id='word_1_169' title='bbox 912 1540 1233 1590; x_wconf 85' lang='grc' dir='ltr'><em>σπεισομένους</em></span> <span class='ocrx_word' id='word_1_170' title='bbox 1265 1535 1340 1586; x_wconf 70' lang='grc' dir='ltr'><em>οὓς</em></span> <span class='ocrx_word' id='word_1_171' title='bbox 1359 1535 1554 1589; x_wconf 88' lang='grc' dir='ltr'><em>μάλιστα</em></span> <span class='ocrx_word' id='word_1_172' title='bbox 1579 1537 1667 1577; x_wconf 79' lang='grc' dir='ltr'><em>τῶν</em></span> <span class='ocrx_word' id='word_1_173' title='bbox 1688 1535 1885 1577; x_wconf 78' lang='grc' dir='ltr'><em>πολιτῶν</em></span> <span class='ocrx_word' id='word_1_174' title='bbox 1907 1531 2049 1576; x_wconf 76' lang='grc' dir='ltr'><em>ἐδοκί-</em></span> 
     </span>
    </p>

    <p class='ocr_par' dir='ltr' id='par_1_7' title="bbox 313 1598 2050 1729">
     <span class='ocr_line' id='line_1_21' title="bbox 313 1598 2050 1661; baseline -0.003 -11"><span class='ocrx_word' id='word_1_175' title='bbox 313 1610 365 1650; x_wconf 85' lang='grc'><em>52</em></span> <span class='ocrx_word' id='word_1_176' title='bbox 381 1605 518 1659; x_wconf 79' lang='grc' dir='ltr'><em>μαζον</em></span> <span class='ocrx_word' id='word_1_177' title='bbox 551 1603 725 1655; x_wconf 66' lang='grc' dir='ltr'><em>ἱκανοί-ς</em></span> <span class='ocrx_word' id='word_1_178' title='bbox 755 1605 926 1661; x_wconf 80' lang='grc' dir='ltr'><em>πρᾶξαι</em></span> <span class='ocrx_word' id='word_1_179' title='bbox 955 1603 1010 1646; x_wconf 81' lang='grc' dir='ltr'><em>τὰ</em></span> <span class='ocrx_word' id='word_1_180' title='bbox 1043 1606 1326 1660; x_wconf 86' lang='grc' dir='ltr'><em>συμφέροντα</em></span> <span class='ocrx_word' id='word_1_181' title='bbox 1345 1605 1409 1659; x_wconf 75' lang='grc' dir='ltr'><em>τῷ</em></span> <span class='ocrx_word' id='word_1_182' title='bbox 1431 1603 1615 1660; x_wconf 83' lang='grc' dir='ltr'><em>πλήθει.</em></span> <span class='ocrx_word' id='word_1_183' title='bbox 1667 1602 1709 1645; x_wconf 79' lang='grc' dir='ltr'><em>οἱ</em></span> <span class='ocrx_word' id='word_1_184' title='bbox 1741 1602 1788 1645; x_wconf 83' lang='grc' dir='ltr'><em>δὲ</em></span> <span class='ocrx_word' id='word_1_185' title='bbox 1819 1598 2050 1657; x_wconf 84' lang='grc' dir='ltr'><em>ὁμολογεῖν</em></span> 
     </span>
     <span class='ocr_line' id='line_1_22' title="bbox 381 1667 2048 1729; baseline -0.001 -15"><span class='ocrx_word' id='word_1_186' title='bbox 381 1669 538 1722; x_wconf 72' lang='grc' dir='ltr'><em>αὑτοὺς</em></span> <span class='ocrx_word' id='word_1_187' title='bbox 578 1676 864 1722; x_wconf 86' lang='grc' dir='ltr'><em>Χαναναίους</em></span> <span class='ocrx_word' id='word_1_188' title='bbox 903 1671 1151 1729; x_wconf 79' lang='grc' dir='ltr'><em>ἐπισφαλὲς</em></span> <span class='ocrx_word' id='word_1_189' title='bbox 1189 1668 1443 1727; x_wconf 79' lang='grc' dir='ltr'><em>ἡγούμενοι,</em></span> <span class='ocrx_word' id='word_1_190' title='bbox 1486 1670 1814 1727; x_wconf 72' lang='grc' dir='ltr'><em>διαφεύξεσθαι</em></span> <span class='ocrx_word' id='word_1_191' title='bbox 1851 1668 1929 1713; x_wconf 85' lang='grc' dir='ltr'><em>τὸν</em></span> <span class='ocrx_word' id='word_1_192' title='bbox 1974 1667 2048 1713; x_wconf 84' lang='grc' dir='ltr'><em>διὰ</em></span> 
     </span>
    </p>
   </div>
   <div class='ocr_carea' id='block_1_3' title="bbox 461 1768 1883 1776">
    <p class='ocr_par' dir='ltr' id='par_1_8' title="bbox 461 1768 1883 1776">
     <span class='ocr_line' id='line_1_23' title="bbox 461 1768 1883 1776; baseline 0 0"><span class='ocrx_word' id='word_1_193' title='bbox 461 1768 1883 1776; x_wconf 95' lang='lat' dir='ltr'><em> </em></span> 
     </span>
    </p>
   </div>
   <div class='ocr_carea' id='block_1_4' title="bbox 493 1828 1426 1872">
    <p class='ocr_par' dir='ltr' id='par_1_9' title="bbox 493 1828 1426 1872">
     <span class='ocr_line' id='line_1_24' title="bbox 493 1828 1426 1872; baseline 0.001 -10"><span class='ocrx_word' id='word_1_194' title='bbox 493 1829 512 1871; x_wconf 64' lang='grc' dir='ltr'><em>ξ</em></span> <span class='ocrx_word' id='word_1_195' title='bbox 539 1831 579 1862; x_wconf 75' lang='grc'><em>47</em></span> <span class='ocrx_word' id='word_1_196' title='bbox 606 1845 649 1856; x_wconf 87' lang='lat'><strong><em>=</em></strong></span> <span class='ocrx_word' id='word_1_197' title='bbox 673 1828 783 1863; x_wconf 81' lang='lat' dir='ltr'>Iosua</span> <span class='ocrx_word' id='word_1_198' title='bbox 805 1828 892 1862; x_wconf 88' lang='lat' dir='ltr'><strong>VIII</strong></span> <span class='ocrx_word' id='word_1_199' title='bbox 919 1831 978 1872; x_wconf 79' lang='lat'><em>213</em></span> <span class='ocrx_word' id='word_1_200' title='bbox 1004 1830 1024 1872; x_wconf 65' lang='grc' dir='ltr'><em>ξ</em></span> <span class='ocrx_word' id='word_1_201' title='bbox 1050 1832 1093 1864; x_wconf 90' lang='grc'><em>49</em></span> <span class='ocrx_word' id='word_1_202' title='bbox 1118 1846 1157 1858; x_wconf 92' lang='lat'>=</span> <span class='ocrx_word' id='word_1_203' title='bbox 1186 1829 1295 1865; x_wconf 85' lang='lat' dir='ltr'>Iosua</span> <span class='ocrx_word' id='word_1_204' title='bbox 1318 1829 1371 1864; x_wconf 92' lang='lat' dir='ltr'><em>IX</em></span> <span class='ocrx_word' id='word_1_205' title='bbox 1395 1832 1426 1863; x_wconf 83' lang='lat'><em>9.</em></span> 
     </span>
    </p>
   </div>
   <div class='ocr_carea' id='block_1_5' title="bbox 377 1965 2050 2419">
    <p class='ocr_par' dir='ltr' id='par_1_10' title="bbox 493 1965 1832 2010">
     <span class='ocr_line' id='line_1_25' title="bbox 493 1965 1832 2010; baseline -0.001 -9"><span class='ocrx_word' id='word_1_206' title='bbox 493 1965 957 2002; x_wconf 78' lang='lat' dir='ltr'>ROMSPLELatZonaras</span> <span class='ocrx_word' id='word_1_207' title='bbox 982 1965 998 1999; x_wconf 97' lang='lat' dir='ltr'>I</span> <span class='ocrx_word' id='word_1_208' title='bbox 1022 1976 1057 2010; x_wconf 89' lang='lat' dir='ltr'><em>p.</em></span> <span class='ocrx_word' id='word_1_209' title='bbox 1085 1968 1138 2000; x_wconf 72' lang='lat'><em>78.</em></span> <span class='ocrx_word' id='word_1_210' title='bbox 1188 1966 1393 2010; x_wconf 84' lang='lat' dir='ltr'>Stephanus</span> <span class='ocrx_word' id='word_1_211' title='bbox 1419 1965 1504 2010; x_wconf 89' lang='lat' dir='ltr'><strong>Byz.</strong></span> <span class='ocrx_word' id='word_1_212' title='bbox 1531 1975 1559 1999; x_wconf 90' lang='lat' dir='ltr'><em>s.</em></span> <span class='ocrx_word' id='word_1_213' title='bbox 1587 1966 1832 2010; x_wconf 70' lang='grc' dir='ltr'><em>Γεβεωνῖται.</em></span> 
     </span>
    </p>

    <p class='ocr_par' dir='ltr' id='par_1_11' title="bbox 377 2027 2050 2419">
     <span class='ocr_line' id='line_1_26' title="bbox 495 2027 2050 2078; baseline -0.001 -10"><span class='ocrx_word' id='word_1_214' title='bbox 495 2037 514 2068; x_wconf 82' lang='lat'>2</span> <span class='ocrx_word' id='word_1_215' title='bbox 540 2032 597 2070; x_wconf 80' lang='grc' dir='ltr'><em>διὰ</em></span> <span class='ocrx_word' id='word_1_216' title='bbox 612 2054 656 2058; x_wconf 88' lang='lat'><em>——</em></span> <span class='ocrx_word' id='word_1_217' title='bbox 671 2033 954 2074; x_wconf 71' lang='grc' dir='ltr'><em>σκεδασθέντες]</em></span> <span class='ocrx_word' id='word_1_218' title='bbox 972 2044 1046 2077; x_wconf 78' lang='lat' dir='ltr'><em>per</em></span> <span class='ocrx_word' id='word_1_219' title='bbox 1070 2044 1182 2078; x_wconf 75' lang='lat' dir='ltr'><em>aqros</em></span> <span class='ocrx_word' id='word_1_220' title='bbox 1207 2033 1363 2078; x_wconf 79' lang='lat' dir='ltr'><em>dispersi</em></span> <span class='ocrx_word' id='word_1_221' title='bbox 1378 2039 1463 2066; x_wconf 79' lang='lat' dir='ltr'><em>sunt</em></span> <span class='ocrx_word' id='word_1_222' title='bbox 1477 2032 1547 2067; x_wconf 81' lang='lat' dir='ltr'><em>Lat</em></span> <span class='ocrx_word' id='word_1_223' title='bbox 1571 2032 1628 2068; x_wconf 79' lang='grc' dir='ltr'><em>εἰσ</em></span> <span class='ocrx_word' id='word_1_224' title='bbox 1648 2029 1738 2068; x_wconf 71' lang='lat' dir='ltr'><strong><em>roi-o</em></strong></span> <span class='ocrx_word' id='word_1_225' title='bbox 1763 2027 1909 2077; x_wconf 79' lang='grc' dir='ltr'><em>α’γροὺσ</em></span> <span class='ocrx_word' id='word_1_226' title='bbox 1934 2028 2050 2077; x_wconf 79' lang='grc' dir='ltr'><em>ἡέσαν</em></span> 
     </span>
     <span class='ocr_line' id='line_1_27' title="bbox 378 2083 2050 2135; baseline -0.002 -8"><span class='ocrx_word' id='word_1_227' title='bbox 378 2088 648 2127; x_wconf 75' lang='grc' dir='ltr'><em>ἐσκεδάννυντο</em></span> <span class='ocrx_word' id='word_1_228' title='bbox 677 2090 709 2124; x_wconf 92' lang='grc' dir='ltr'><strong>Ε</strong></span> <span class='ocrx_word' id='word_1_229' title='bbox 802 2090 1088 2131; x_wconf 73' lang='grc' dir='ltr'><em>σκεδασθέντες]</em></span> <span class='ocrx_word' id='word_1_230' title='bbox 1116 2083 1211 2135; x_wconf 68' lang='grc' dir='ltr'><em>ἦσαν</em></span> <span class='ocrx_word' id='word_1_231' title='bbox 1235 2087 1366 2135; x_wconf 76' lang='grc' dir='ltr'><em>(ἡέσαν</em></span> <span class='ocrx_word' id='word_1_232' title='bbox 1389 2089 1440 2128; x_wconf 91' lang='grc' dir='ltr'><em>Μ)</em></span> <span class='ocrx_word' id='word_1_233' title='bbox 1467 2091 1742 2126; x_wconf 73' lang='grc' dir='ltr'><em>σκεδασθέντεσ</em></span> <span class='ocrx_word' id='word_1_234' title='bbox 1766 2088 1894 2123; x_wconf 89' lang='lat' dir='ltr'>MSPL</span> <span class='ocrx_word' id='word_1_235' title='bbox 1985 2089 2050 2124; x_wconf 77' lang='grc' dir='ltr'><em>καὶ</em></span> 
     </span>
     <span class='ocr_line' id='line_1_28' title="bbox 380 2140 2050 2191; baseline -0.002 -8"><span class='ocrx_word' id='word_1_236' title='bbox 380 2158 447 2183; x_wconf 91' lang='lat' dir='ltr'><em>om.</em></span> <span class='ocrx_word' id='word_1_237' title='bbox 475 2146 676 2181; x_wconf 83' lang='lat' dir='ltr'>MSPLLat</span> <span class='ocrx_word' id='word_1_238' title='bbox 757 2140 897 2187; x_wconf 69' lang='grc' dir='ltr'><em>αὐτοῖς]</em></span> <span class='ocrx_word' id='word_1_239' title='bbox 924 2143 1076 2181; x_wconf 72' lang='grc' dir='ltr'><em>ἑαυτοῖσ</em></span> <span class='ocrx_word' id='word_1_240' title='bbox 1103 2145 1155 2180; x_wconf 85' lang='lat' dir='ltr'><em>SP</em></span> <span class='ocrx_word' id='word_1_241' title='bbox 1181 2146 1389 2191; x_wconf 75' lang='lat' dir='ltr'><em>semetipsos</em></span> <span class='ocrx_word' id='word_1_242' title='bbox 1414 2145 1484 2180; x_wconf 82' lang='lat' dir='ltr'><em>Lat</em></span> <span class='ocrx_word' id='word_1_243' title='bbox 1574 2148 1592 2179; x_wconf 84' lang='lat'>3</span> <span class='ocrx_word' id='word_1_244' title='bbox 1620 2142 1676 2186; x_wconf 77' lang='grc' dir='ltr'><em>οἰ]</em></span> <span class='ocrx_word' id='word_1_245' title='bbox 1701 2141 1750 2190; x_wconf 71' lang='grc' dir='ltr'><em>μὴ</em></span> <span class='ocrx_word' id='word_1_246' title='bbox 1775 2144 1814 2179; x_wconf 86' lang='grc' dir='ltr'><strong>Μ</strong></span> <span class='ocrx_word' id='word_1_247' title='bbox 1897 2147 2050 2180; x_wconf 73' lang='grc' dir='ltr'><em>Ναϊτια-</em></span> 
     </span>
     <span class='ocr_line' id='line_1_29' title="bbox 380 2197 2049 2248; baseline -0.003 -9"><span class='ocrx_word' id='word_1_248' title='bbox 380 2201 479 2246; x_wconf 70' lang='grc' dir='ltr'><em>νοὺς]</em></span> <span class='ocrx_word' id='word_1_249' title='bbox 506 2199 736 2244; x_wconf 63' lang='grc' dir='ltr'><em>ναϊτιανοὺσ,</em></span> <span class='ocrx_word' id='word_1_250' title='bbox 761 2207 776 2237; x_wconf 88' lang='grc' dir='ltr'><em>ϊ</em></span> <span class='ocrx_word' id='word_1_251' title='bbox 805 2205 890 2237; x_wconf 78' lang='lat' dir='ltr'><strong>ante</strong></span> <span class='ocrx_word' id='word_1_252' title='bbox 916 2215 935 2237; x_wconf 88' lang='grc' dir='ltr'><em>τ</em></span> <span class='ocrx_word' id='word_1_253' title='bbox 961 2201 1078 2247; x_wconf 89' lang='lat' dir='ltr'>suppl.</span> <span class='ocrx_word' id='word_1_254' title='bbox 1104 2212 1149 2236; x_wconf 90' lang='lat' dir='ltr'><em>m.</em></span> <span class='ocrx_word' id='word_1_255' title='bbox 1181 2205 1191 2236; x_wconf 85' lang='lat'>1</span> <span class='ocrx_word' id='word_1_256' title='bbox 1223 2201 1252 2236; x_wconf 93' lang='grc' dir='ltr'>Ο</span> <span class='ocrx_word' id='word_1_257' title='bbox 1286 2197 1490 2238; x_wconf 76' lang='grc' dir='ltr'><em>α’νατινουσ</em></span> <span class='ocrx_word' id='word_1_258' title='bbox 1519 2201 1558 2236; x_wconf 90' lang='grc' dir='ltr'><strong>Μ</strong></span> <span class='ocrx_word' id='word_1_259' title='bbox 1589 2207 1812 2248; x_wconf 76' lang='grc' dir='ltr'><em>γαϊτηνουσ,</em></span> <span class='ocrx_word' id='word_1_260' title='bbox 1844 2206 1858 2236; x_wconf 84' lang='grc' dir='ltr'><em>ἰ’</em></span> <span class='ocrx_word' id='word_1_261' title='bbox 1881 2210 1994 2243; x_wconf 68' lang='lat' dir='ltr'>corn,</span> <span class='ocrx_word' id='word_1_262' title='bbox 2028 2215 2049 2246; x_wconf 91' lang='grc' dir='ltr'><em>η</em></span> 
     </span>
     <span class='ocr_line' id='line_1_30' title="bbox 379 2254 2049 2305; baseline -0.003 -10"><span class='ocrx_word' id='word_1_263' title='bbox 379 2271 423 2295; x_wconf 81' lang='lat' dir='ltr'><em>ex</em></span> <span class='ocrx_word' id='word_1_264' title='bbox 447 2262 460 2295; x_wconf 86' lang='grc' dir='ltr'><em>ι’</em></span> <span class='ocrx_word' id='word_1_265' title='bbox 485 2270 578 2295; x_wconf 89' lang='lat' dir='ltr'><strong>corr.</strong></span> <span class='ocrx_word' id='word_1_266' title='bbox 605 2260 629 2295; x_wconf 88' lang='lat' dir='ltr'>S</span> <span class='ocrx_word' id='word_1_267' title='bbox 654 2255 813 2305; x_wconf 63' lang='lat' dir='ltr'><em>yaYroiv</em></span> <span class='ocrx_word' id='word_1_268' title='bbox 836 2259 864 2293; x_wconf 92' lang='lat' dir='ltr'>P</span> <span class='ocrx_word' id='word_1_269' title='bbox 897 2254 1101 2294; x_wconf 76' lang='grc' dir='ltr'><em>α’νατινοὺσ</em></span> <span class='ocrx_word' id='word_1_270' title='bbox 1134 2261 1170 2293; x_wconf 82' lang='lat' dir='ltr'><em>et</em></span> <span class='ocrx_word' id='word_1_271' title='bbox 1194 2257 1217 2292; x_wconf 92' lang='lat' dir='ltr'><em>i.</em></span> <span class='ocrx_word' id='word_1_272' title='bbox 1243 2269 1354 2303; x_wconf 80' lang='lat' dir='ltr'><strong>marg.</strong></span> <span class='ocrx_word' id='word_1_273' title='bbox 1381 2255 1584 2304; x_wconf 69' lang='grc' dir='ltr'><em>γαϊτηνοὶσ</em></span> <span class='ocrx_word' id='word_1_274' title='bbox 1610 2258 1640 2293; x_wconf 93' lang='lat' dir='ltr'>L</span> <span class='ocrx_word' id='word_1_275' title='bbox 1666 2254 1846 2304; x_wconf 70' lang='grc' dir='ltr'><em>α’ἵτηνοὶσ</em></span> <span class='ocrx_word' id='word_1_276' title='bbox 1871 2257 1903 2291; x_wconf 87' lang='grc' dir='ltr'>Ε</span> <span class='ocrx_word' id='word_1_277' title='bbox 1928 2255 2049 2292; x_wconf 77' lang='lat' dir='ltr'><em>hostes</em></span> 
     </span>
     <span class='ocr_line' id='line_1_31' title="bbox 378 2308 2048 2362; baseline -0.002 -11"><span class='ocrx_word' id='word_1_278' title='bbox 378 2316 450 2352; x_wconf 80' lang='lat' dir='ltr'><em>Lat</em></span> <span class='ocrx_word' id='word_1_279' title='bbox 543 2320 562 2350; x_wconf 88' lang='lat'>5</span> <span class='ocrx_word' id='word_1_280' title='bbox 589 2314 712 2362; x_wconf 76' lang='grc' dir='ltr'><em>*ἄλησ</em></span> <span class='ocrx_word' id='word_1_281' title='bbox 733 2315 766 2350; x_wconf 87' lang='lat' dir='ltr'><strong>R</strong></span> <span class='ocrx_word' id='word_1_282' title='bbox 858 2313 1116 2361; x_wconf 80' lang='grc' dir='ltr'><em>*ἀποσκει-ῆσ]</em></span> <span class='ocrx_word' id='word_1_283' title='bbox 1143 2317 1281 2360; x_wconf 69' lang='grc' dir='ltr'><em>σκευῆσ</em></span> <span class='ocrx_word' id='word_1_284' title='bbox 1304 2314 1331 2348; x_wconf 91' lang='grc' dir='ltr'>Ρ</span> <span class='ocrx_word' id='word_1_285' title='bbox 1357 2325 1528 2349; x_wconf 77' lang='lat' dir='ltr'><strong><em>uasorum</em></strong></span> <span class='ocrx_word' id='word_1_286' title='bbox 1553 2314 1626 2350; x_wconf 84' lang='lat' dir='ltr'><em>Lat</em></span> <span class='ocrx_word' id='word_1_287' title='bbox 1719 2318 1736 2347; x_wconf 73' lang='grc' dir='ltr'>Ἰ</span> <span class='ocrx_word' id='word_1_288' title='bbox 1763 2313 1919 2357; x_wconf 79' lang='grc' dir='ltr'><em>διένειμε</em></span> <span class='ocrx_word' id='word_1_289' title='bbox 1943 2308 2048 2359; x_wconf 81' lang='grc' dir='ltr'><em>γενό·</em></span> 
     </span>
     <span class='ocr_line' id='line_1_32' title="bbox 377 2367 2049 2419; baseline -0.004 -10"><span class='ocrx_word' id='word_1_290' title='bbox 377 2386 498 2417; x_wconf 86' lang='grc' dir='ltr'><em>μενοσ</em></span> <span class='ocrx_word' id='word_1_291' title='bbox 522 2371 563 2409; x_wconf 81' lang='grc' dir='ltr'><em>ἐν</em></span> <span class='ocrx_word' id='word_1_292' title='bbox 588 2370 795 2419; x_wconf 82' lang='grc' dir='ltr'><em>γαλγάλοισ</em></span> <span class='ocrx_word' id='word_1_293' title='bbox 819 2374 864 2406; x_wconf 83' lang='lat' dir='ltr'><em>tr.</em></span> <span class='ocrx_word' id='word_1_294' title='bbox 891 2371 961 2405; x_wconf 92' lang='lat' dir='ltr'><em>ML</em></span> <span class='ocrx_word' id='word_1_295' title='bbox 1077 2375 1095 2405; x_wconf 60' lang='lat'><em>¹.)</em></span> <span class='ocrx_word' id='word_1_296' title='bbox 1123 2370 1367 2417; x_wconf 66' lang='grc' dir='ltr'><em>Γεβεωνῖται]</em></span> <span class='ocrx_word' id='word_1_297' title='bbox 1393 2371 1558 2416; x_wconf 85' lang='lat' dir='ltr'><strong>MSteph.</strong></span> <span class='ocrx_word' id='word_1_298' title='bbox 1584 2371 1670 2415; x_wconf 81' lang='lat' dir='ltr'><strong>ByZ.</strong></span> <span class='ocrx_word' id='word_1_299' title='bbox 1696 2373 1932 2417; x_wconf 83' lang='grc' dir='ltr'><em>γαβαωι·ῖται</em></span> <span class='ocrx_word' id='word_1_300' title='bbox 1957 2367 2049 2403; x_wconf 87' lang='lat' dir='ltr'><em>ROS</em></span> 
     </span>
    </p>
   </div>
   <div class='ocr_carea' id='block_1_6' title="bbox 378 2424 2049 2585">
    <p class='ocr_par' dir='ltr' id='par_1_12' title="bbox 378 2424 2049 2585">
     <span class='ocr_line' id='line_1_33' title="bbox 378 2424 2048 2475; baseline -0.002 -10"><span class='ocrx_word' id='word_1_301' title='bbox 378 2429 593 2465; x_wconf 84' lang='lat' dir='ltr'>PELatZon</span> <span class='ocrx_word' id='word_1_302' title='bbox 617 2429 849 2475; x_wconf 76' lang='grc' dir='ltr'><em>γαναωνίται</em></span> <span class='ocrx_word' id='word_1_303' title='bbox 867 2427 898 2461; x_wconf 94' lang='lat' dir='ltr'>L</span> <span class='ocrx_word' id='word_1_304' title='bbox 995 2431 1033 2461; x_wconf 76' lang='lat'><em>10</em></span> <span class='ocrx_word' id='word_1_305' title='bbox 1061 2429 1265 2470; x_wconf 71' lang='grc' dir='ltr'><em>Ναϊτίνοις]</em></span> <span class='ocrx_word' id='word_1_306' title='bbox 1291 2428 1478 2463; x_wconf 83' lang='grc' dir='ltr'><em>αιάτινοῖσ</em></span> <span class='ocrx_word' id='word_1_307' title='bbox 1503 2428 1541 2461; x_wconf 90' lang='grc' dir='ltr'>Μ</span> <span class='ocrx_word' id='word_1_308' title='bbox 1567 2431 1780 2473; x_wconf 78' lang='grc' dir='ltr'><em>γαϊατινοῖσ</em></span> <span class='ocrx_word' id='word_1_309' title='bbox 1804 2426 1828 2462; x_wconf 90' lang='lat' dir='ltr'>S</span> <span class='ocrx_word' id='word_1_310' title='bbox 1852 2430 2002 2472; x_wconf 82' lang='grc' dir='ltr'><em>γαϊνοῖσ</em></span> <span class='ocrx_word' id='word_1_311' title='bbox 2019 2424 2048 2460; x_wconf 88' lang='lat' dir='ltr'>P</span> 
     </span>
     <span class='ocr_line' id='line_1_34' title="bbox 379 2480 1958 2530; baseline -0.004 -7"><span class='ocrx_word' id='word_1_312' title='bbox 379 2482 577 2524; x_wconf 80' lang='grc' dir='ltr'><em>άνατινοῖσ</em></span> <span class='ocrx_word' id='word_1_313' title='bbox 601 2489 637 2521; x_wconf 85' lang='lat' dir='ltr'><em>et</em></span> <span class='ocrx_word' id='word_1_314' title='bbox 659 2485 682 2520; x_wconf 91' lang='lat' dir='ltr'><em>i.</em></span> <span class='ocrx_word' id='word_1_315' title='bbox 700 2495 810 2529; x_wconf 82' lang='lat' dir='ltr'><strong>marg.</strong></span> <span class='ocrx_word' id='word_1_316' title='bbox 829 2489 1024 2530; x_wconf 85' lang='grc' dir='ltr'><em>γαϊτηνοῖσ</em></span> <span class='ocrx_word' id='word_1_317' title='bbox 1050 2483 1079 2518; x_wconf 93' lang='lat' dir='ltr'>L</span> <span class='ocrx_word' id='word_1_318' title='bbox 1104 2480 1275 2529; x_wconf 76' lang='grc' dir='ltr'><em>α’ϊτηνοῖσ</em></span> <span class='ocrx_word' id='word_1_319' title='bbox 1299 2484 1331 2518; x_wconf 88' lang='grc' dir='ltr'>Ε</span> <span class='ocrx_word' id='word_1_320' title='bbox 1356 2484 1515 2518; x_wconf 75' lang='lat' dir='ltr'><em>adatinis</em></span> <span class='ocrx_word' id='word_1_321' title='bbox 1532 2484 1603 2519; x_wconf 85' lang='lat' dir='ltr'><em>Lat</em></span> <span class='ocrx_word' id='word_1_322' title='bbox 1676 2486 1714 2517; x_wconf 83' lang='lat'><em>12</em></span> <span class='ocrx_word' id='word_1_323' title='bbox 1741 2480 1784 2519; x_wconf 72' lang='grc' dir='ltr'><em>οὗ</em></span> <span class='ocrx_word' id='word_1_324' title='bbox 1811 2493 1878 2518; x_wconf 90' lang='lat' dir='ltr'><em>om.</em></span> <span class='ocrx_word' id='word_1_325' title='bbox 1893 2481 1958 2517; x_wconf 77' lang='grc' dir='ltr'><em>ΒΟ</em></span> 
     </span>
     <span class='ocr_line' id='line_1_35' title="bbox 380 2537 2049 2585; baseline -0.004 -5"><span class='ocrx_word' id='word_1_326' title='bbox 380 2540 476 2585; x_wconf 74' lang='grc' dir='ltr'><em>οὐδὲ]</em></span> <span class='ocrx_word' id='word_1_327' title='bbox 496 2542 654 2577; x_wconf 85' lang='lat' dir='ltr'>Dindorf</span> <span class='ocrx_word' id='word_1_328' title='bbox 676 2539 761 2578; x_wconf 76' lang='grc' dir='ltr'><em>οὔτε</em></span> <span class='ocrx_word' id='word_1_329' title='bbox 788 2541 891 2576; x_wconf 88' lang='lat' dir='ltr'><strong>codd.</strong></span> <span class='ocrx_word' id='word_1_330' title='bbox 1015 2544 1052 2575; x_wconf 75' lang='lat'><em>14</em></span> <span class='ocrx_word' id='word_1_331' title='bbox 1078 2543 1342 2585; x_wconf 73' lang='grc' dir='ltr'><em>πολεμοῦντοσ</em></span> <span class='ocrx_word' id='word_1_332' title='bbox 1366 2540 1514 2575; x_wconf 82' lang='lat' dir='ltr'><strong>iterauit</strong></span> <span class='ocrx_word' id='word_1_333' title='bbox 1538 2540 1585 2575; x_wconf 63' lang='grc' dir='ltr'><em>Β*</em></span> <span class='ocrx_word' id='word_1_334' title='bbox 1702 2539 1960 2585; x_wconf 73' lang='grc' dir='ltr'><em>*Ιιέφηρίτας1</em></span> <span class='ocrx_word' id='word_1_335' title='bbox 1985 2537 2049 2574; x_wconf 77' lang='grc' dir='ltr'><em>καὶ</em></span> 
     </span>
    </p>
   </div>
   <div class='ocr_carea' id='block_1_7' title="bbox 380 2595 2049 2702">
    <p class='ocr_par' dir='ltr' id='par_1_13' title="bbox 380 2595 2049 2702">
     <span class='ocr_line' id='line_1_36' title="bbox 380 2595 2049 2646; baseline -0.004 -10"><span class='ocrx_word' id='word_1_336' title='bbox 380 2601 587 2646; x_wconf 74' lang='grc' dir='ltr'><em>([ερητίτασ</em></span> <span class='ocrx_word' id='word_1_337' title='bbox 610 2598 675 2634; x_wconf 84' lang='lat' dir='ltr'><em>Ro</em></span> <span class='ocrx_word' id='word_1_338' title='bbox 697 2599 909 2644; x_wconf 68' lang='grc' dir='ltr'><em>χεφηρίτασ</em></span> <span class='ocrx_word' id='word_1_339' title='bbox 933 2597 963 2631; x_wconf 93' lang='lat' dir='ltr'>L</span> <span class='ocrx_word' id='word_1_340' title='bbox 989 2596 1186 2642; x_wconf 74' lang='lat' dir='ltr'><em>cheserilas</em></span> <span class='ocrx_word' id='word_1_341' title='bbox 1210 2597 1281 2632; x_wconf 80' lang='lat' dir='ltr'><em>Lat</em></span> <span class='ocrx_word' id='word_1_342' title='bbox 1363 2596 1750 2642; x_wconf 65' lang='grc' dir='ltr'><em>*Καριαθιαριμίτας]</em></span> <span class='ocrx_word' id='word_1_343' title='bbox 1775 2595 2049 2640; x_wconf 75' lang='grc' dir='ltr'><em>καθιερεμίτασ</em></span> 
     </span>
     <span class='ocr_line' id='line_1_37' title="bbox 380 2651 2049 2702; baseline -0.004 -11"><span class='ocrx_word' id='word_1_344' title='bbox 380 2656 445 2692; x_wconf 88' lang='lat' dir='ltr'><em>RO</em></span> <span class='ocrx_word' id='word_1_345' title='bbox 470 2657 748 2702; x_wconf 73' lang='grc' dir='ltr'><em>καθιερημίτασ</em></span> <span class='ocrx_word' id='word_1_346' title='bbox 774 2654 811 2688; x_wconf 88' lang='grc' dir='ltr'><strong>Μ</strong></span> <span class='ocrx_word' id='word_1_347' title='bbox 836 2655 1059 2701; x_wconf 72' lang='grc' dir='ltr'><em>βερωθίτασ</em></span> <span class='ocrx_word' id='word_1_348' title='bbox 1084 2657 1145 2689; x_wconf 81' lang='grc' dir='ltr'><em>καὶ</em></span> <span class='ocrx_word' id='word_1_349' title='bbox 1171 2655 1371 2700; x_wconf 76' lang='grc' dir='ltr'><em>ιάρημίτασ</em></span> <span class='ocrx_word' id='word_1_350' title='bbox 1398 2653 1427 2687; x_wconf 91' lang='lat' dir='ltr'>L</span> <span class='ocrx_word' id='word_1_351' title='bbox 1454 2652 1717 2686; x_wconf 71' lang='lat' dir='ltr'><em>cadeiarimitas</em></span> <span class='ocrx_word' id='word_1_352' title='bbox 1741 2651 1811 2686; x_wconf 78' lang='lat' dir='ltr'><em>Lat</em></span> <span class='ocrx_word' id='word_1_353' title='bbox 1885 2654 1922 2685; x_wconf 87' lang='lat'><em>15</em></span> <span class='ocrx_word' id='word_1_354' title='bbox 1948 2652 2049 2686; x_wconf 78' lang='grc' dir='ltr'><em>*δια-</em></span> 
     </span>
    </p>
   </div>
   <div class='ocr_carea' id='block_1_8' title="bbox 380 2723 2047 2792">
    <p class='ocr_par' dir='ltr' id='par_1_14' title="bbox 380 2723 2047 2792">
     <span class='ocr_line' id='line_1_38' title="bbox 380 2723 2047 2792; baseline -0.005 -9"><span class='ocrx_word' id='word_1_355' title='bbox 380 2743 590 2792; x_wconf 55' lang='lat' dir='ltr'><em>‹ssi-§auam</em></span> <span class='ocrx_word' id='word_1_356' title='bbox 616 2746 654 2780; x_wconf 92' lang='grc' dir='ltr'><strong>Μ</strong></span> <span class='ocrx_word' id='word_1_357' title='bbox 774 2748 814 2780; x_wconf 81' lang='grc'><em>16</em></span> <span class='ocrx_word' id='word_1_358' title='bbox 841 2723 1025 2792; x_wconf 57' lang='grc' dir='ltr'><em>λε’γοντῗεῧ</em></span> <span class='ocrx_word' id='word_1_359' title='bbox 1050 2744 1088 2778; x_wconf 89' lang='grc' dir='ltr'><strong>Μ</strong></span> <span class='ocrx_word' id='word_1_360' title='bbox 1182 2740 1389 2789; x_wconf 60' lang='grc' dir='ltr'><em>φθάσαιεν.</em></span> <span class='ocrx_word' id='word_1_361' title='bbox 1416 2757 1456 2778; x_wconf 81' lang='grc' dir='ltr'><em>ει·</em></span> <span class='ocrx_word' id='word_1_362' title='bbox 1480 2743 1502 2777; x_wconf 86' lang='lat' dir='ltr'><em>i.</em></span> <span class='ocrx_word' id='word_1_363' title='bbox 1529 2753 1598 2777; x_wconf 79' lang='lat' dir='ltr'><strong>ras.</strong></span> <span class='ocrx_word' id='word_1_364' title='bbox 1627 2752 1718 2777; x_wconf 87' lang='lat' dir='ltr'><strong>corr.</strong></span> <span class='ocrx_word' id='word_1_365' title='bbox 1737 2740 1770 2776; x_wconf 86' lang='lat' dir='ltr'>R</span> <span class='ocrx_word' id='word_1_366' title='bbox 1794 2737 1985 2786; x_wconf 63' lang='grc' dir='ltr'><em>φθάσειαν</em></span> <span class='ocrx_word' id='word_1_367' title='bbox 2008 2738 2047 2774; x_wconf 87' lang='grc' dir='ltr'><strong>Μ</strong></span> 
     </span>
    </p>
   </div>
   <div class='ocr_carea' id='block_1_9' title="bbox 381 2795 2047 3016">
    <p class='ocr_par' dir='ltr' id='par_1_15' title="bbox 381 2795 2047 3016">
     <span class='ocr_line' id='line_1_39' title="bbox 381 2795 2046 2848; baseline -0.006 -9"><span class='ocrx_word' id='word_1_368' title='bbox 381 2801 567 2848; x_wconf 59' lang='grc' dir='ltr'><em>φθάσειεν</em></span> <span class='ocrx_word' id='word_1_369' title='bbox 590 2803 620 2838; x_wconf 95' lang='lat' dir='ltr'>L</span> <span class='ocrx_word' id='word_1_370' title='bbox 708 2806 743 2837; x_wconf 81' lang='lat'><em>17</em></span> <span class='ocrx_word' id='word_1_371' title='bbox 772 2804 1089 2843; x_wconf 73' lang='grc' dir='ltr'><em>συνασπίσαντας]</em></span> <span class='ocrx_word' id='word_1_372' title='bbox 1117 2802 1419 2836; x_wconf 69' lang='grc' dir='ltr'><em>συνασπίσαντεσ</em></span> <span class='ocrx_word' id='word_1_373' title='bbox 1446 2800 1469 2834; x_wconf 92' lang='lat' dir='ltr'>S</span> <span class='ocrx_word' id='word_1_374' title='bbox 1495 2800 1772 2843; x_wconf 66' lang='grc' dir='ltr'><em>συμπεῖσαι-τεο</em></span> <span class='ocrx_word' id='word_1_375' title='bbox 1798 2796 1934 2832; x_wconf 84' lang='lat' dir='ltr'>MPLE</span> <span class='ocrx_word' id='word_1_376' title='bbox 1958 2795 2046 2830; x_wconf 77' lang='lat' dir='ltr'><em>adu-</em></span> 
     </span>
     <span class='ocr_line' id='line_1_40' title="bbox 382 2853 2047 2901; baseline -0.003 -8"><span class='ocrx_word' id='word_1_377' title='bbox 382 2861 460 2894; x_wconf 78' lang='lat' dir='ltr'><em>nati</em></span> <span class='ocrx_word' id='word_1_378' title='bbox 483 2859 554 2894; x_wconf 76' lang='lat' dir='ltr'><em>Lat</em></span> <span class='ocrx_word' id='word_1_379' title='bbox 657 2854 732 2894; x_wconf 69' lang='lat' dir='ltr'><em>d’S</em></span> <span class='ocrx_word' id='word_1_380' title='bbox 837 2855 978 2901; x_wconf 69' lang='grc' dir='ltr'><em>αὐτοῖς]</em></span> <span class='ocrx_word' id='word_1_381' title='bbox 1004 2854 1145 2894; x_wconf 62' lang='lat' dir='ltr'><em>«fimi-a</em></span> <span class='ocrx_word' id='word_1_382' title='bbox 1170 2856 1277 2892; x_wconf 83' lang='lat' dir='ltr'><em>MLE</em></span> <span class='ocrx_word' id='word_1_383' title='bbox 1373 2855 1589 2901; x_wconf 56' lang='lat' dir='ltr'><em>&amp;lyranum-,¹</em></span> <span class='ocrx_word' id='word_1_384' title='bbox 1614 2861 1763 2901; x_wconf 68' lang='lat' dir='ltr'><em>possent</em></span> <span class='ocrx_word' id='word_1_385' title='bbox 1788 2853 1858 2888; x_wconf 78' lang='lat' dir='ltr'><em>Lat</em></span> <span class='ocrx_word' id='word_1_386' title='bbox 1973 2855 2047 2888; x_wconf 76' lang='grc' dir='ltr'><em>δια-</em></span> 
     </span>
     <span class='ocr_line' id='line_1_41' title="bbox 382 2907 2046 2962; baseline -0.003 -13"><span class='ocrx_word' id='word_1_387' title='bbox 382 2918 527 2962; x_wconf 72' lang='grc' dir='ltr'><em>δράναι]</em></span> <span class='ocrx_word' id='word_1_388' title='bbox 553 2912 672 2961; x_wconf 72' lang='grc' dir='ltr'><em>ἁδρὰν</em></span> <span class='ocrx_word' id='word_1_389' title='bbox 699 2912 791 2952; x_wconf 75' lang='grc' dir='ltr'><em>εἶναι</em></span> <span class='ocrx_word' id='word_1_390' title='bbox 811 2915 874 2949; x_wconf 91' lang='lat' dir='ltr'><em>RO</em></span> <span class='ocrx_word' id='word_1_391' title='bbox 972 2917 1010 2949; x_wconf 78' lang='lat'><em>18</em></span> <span class='ocrx_word' id='word_1_392' title='bbox 1037 2912 1358 2960; x_wconf 63' lang='grc' dir='ltr'><em>προσδεξαμένοισ</em></span> <span class='ocrx_word' id='word_1_393' title='bbox 1377 2911 1446 2946; x_wconf 86' lang='lat' dir='ltr'><em>ML</em></span> <span class='ocrx_word' id='word_1_394' title='bbox 1541 2916 1577 2946; x_wconf 77' lang='lat'><em>21</em></span> <span class='ocrx_word' id='word_1_395' title='bbox 1609 2907 1749 2948; x_wconf 57' lang='lat' dir='ltr'><em>«fimi-o</em></span> <span class='ocrx_word' id='word_1_396' title='bbox 1775 2910 1878 2946; x_wconf 82' lang='lat' dir='ltr'><strong>codd.</strong></span> <span class='ocrx_word' id='word_1_397' title='bbox 1973 2912 2046 2945; x_wconf 82' lang='grc' dir='ltr'><em>δια-</em></span> 
     </span>
     <span class='ocr_line' id='line_1_42' title="bbox 382 2968 1169 3016; baseline -0.001 -11"><span class='ocrx_word' id='word_1_398' title='bbox 382 2970 589 3016; x_wconf 52' lang='grc' dir='ltr'><em>ιιειῗξασῧαι</em></span> <span class='ocrx_word' id='word_1_399' title='bbox 617 2971 687 3005; x_wconf 84' lang='lat' dir='ltr'><em>ML</em></span> <span class='ocrx_word' id='word_1_400' title='bbox 782 2969 861 3011; x_wconf 86' lang='grc' dir='ltr'><em>τὸν]</em></span> <span class='ocrx_word' id='word_1_401' title='bbox 888 2971 923 3007; x_wconf 73' lang='grc' dir='ltr'><em>δὲ</em></span> <span class='ocrx_word' id='word_1_402' title='bbox 951 2968 1019 3006; x_wconf 83' lang='grc' dir='ltr'><em>τὸν</em></span> <span class='ocrx_word' id='word_1_403' title='bbox 1043 2970 1169 3005; x_wconf 88' lang='lat' dir='ltr'>MSPL</span> 
     </span>
    </p>
   </div>
   <div class='ocr_carea' id='block_1_10' title="bbox 2064 0 2160 2016">
    <p class='ocr_par' dir='ltr' id='par_1_16' title="bbox 2064 0 2160 2016">
     <span class='ocr_line' id='line_1_43' title="bbox 2064 0 2160 2016; baseline 0 0"><span class='ocrx_word' id='word_1_404' title='bbox 2064 0 2160 2016; x_wconf 95' lang='lat' dir='ltr'><em> </em></span> 
     </span>
    </p>
   </div>
  </div>
 </body>
</html>
