2160 3439
357 167 436 206 102
854 162 1015 207 ANTIQ.
1041 163 1139 199 IUD.
1162 163 1198 198 11
1222 166 1354 199 93-98
1378 165 1427 206 (vt
1444 169 1471 198 1.
1487 166 1518 207 2)

352 277 516 338 ἥπτετο
545 280 609 333 vn]
639 275 782 332 ὀγδόῳ
815 275 903 318 έτει
931 276 1005 318 καὶ
1036 274 1110 318 διὰ
1139 275 1189 319 τὸ
1222 275 1279 333 μὴ
1312 280 1675 334 προῃσθημένοις
1706 276 1939 321 ἐπιπεσεῖν
1959 277 2008 321 τὸ

351 347 483 391 καλὸν
522 344 789 398 πονούμενοι
822 343 1030 396 χαλεπῶς
1068 337 1149 384 υπ’
1185 339 1319 387 αὐτοῦ
1356 344 1521 395 πάντες
1560 343 1637 388 ἐπὶ
1675 344 1756 395 τὰς
1793 345 2013 400 βασιλέως

285 419 337 458 94
351 415 496 469 θύρας
527 414 769 467 συνέρρεον.
819 427 841 453 ο
876 410 923 453 δε
947 406 1163 468 Ἰώσηπον
1193 407 1348 464 εκάλει,
1379 407 1576 463 κάκεῖνος
1595 411 1672 456 τὸν
1708 421 1831 455 σῖτον
1863 407 2012 463 αὐτοῖς

351 479 592 525 ἀπεδίδοτο
633 481 915 536 γεγενημένος
954 477 1099 535 σωτὴρ
1138 475 1497 535 ὁμολογουμένως
1539 482 1617 523 τοῦ
1664 479 1890 536 πλήθους,
1938 481 2013 523 καὶ

348 549 426 607 τὴν
459 544 622 603 ἀγορὰν
654 541 704 589 ού
725 554 819 597 τοῖς
841 544 1065 601 ἐγχωρίοις
1087 540 1329 601 προύτίθει
1349 543 1497 601 μόνον,
1530 543 1643 590 ἀλλὰ
1665 549 1737 591 καὶ
1757 556 1852 598 τοῖς
1873 547 2013 598 ξένοις

350 613 568 660 ὠνεῖσθαι
616 615 764 670 παρῆν
815 613 988 664 πάντας
1029 608 1300 668 ἀνθρώπους
1346 613 1455 657 κατὰ
1497 618 1745 671 συγγένειαν
1785 610 2014 666 ἀξιοῦντος

352 683 609 737 ἐπικουρίας
636 680 863 737 τυγχάνειν
888 676 1104 737 Ἰωσήπου
1135 678 1260 735 παρὰ
1291 682 1378 723 τῶν
1410 677 1668 740 εὐδαιμονίᾳ
1695 685 1943 737 χρωμένων.

285 756 338 796 95
467 754 506 793 2.
552 752 734 803 Πέμπει
766 748 812 792 δὲ
843 750 914 791 καὶ
940 745 1143 802 Ἰάκωβος
1173 750 1250 804 τῆς
1280 753 1541 800 Χαναναίας
1571 750 1724 800 δεινῶς
1755 750 2013 806 ἐκτετρυχω-

350 822 494 876 μένης,
526 817 676 874 πάσης
705 815 787 872 γὰρ
808 811 958 872 ἥψατο
979 818 1055 872 τῆς
1075 811 1261 872 ἠπείρου
1282 815 1331 859 τὸ
1362 816 1516 869 δεινόν,
1547 816 1650 867 τοὺς
1670 817 1791 868 υἱοὺς
1813 813 2015 869 ἅπαντας

351 887 414 938 εἰς
452 885 531 943 τὴν
569 885 808 941 Αἴγυπτον
845 879 1148 940 ὠνησομένους
1194 891 1316 926 σῖτον
1363 888 1648 939 πεπυσμένος
1685 883 1901 942 ἐφεῖσθαι
1936 885 2016 943 τὴν

352 951 515 1011 ἆγοραν
554 970 628 996 και
670 952 830 1003 ξένοις·
861 950 996 1006 μόνον
1037 950 1084 993 δὲ
1122 954 1302 1004 κατέσχε
1333 953 1545 1006 Βενιαμὶν
1586 968 1630 995 εκ
1657 948 1862 1009 Ῥαχήλας
1897 949 2017 1010 αυτῷ

285 1027 337 1067 96
352 1021 561 1080 γεγονότα
598 1017 868 1102 ὁμομήτριον
909 1019 955 1061 δὲ
980 1014 1196 1075 Ἰωσήπω.
1258 1019 1301 1061 οἱ
1339 1019 1418 1073 μὲν
1457 1018 1532 1062 οὐν
1571 1019 1634 1070 εἷς
1670 1036 1748 1076 την
1777 1021 2015 1077 Αἴγυπτον

352 1090 562 1140 ελθόντες
593 1087 870 1168 ἐνετύγχανον
900 1103 962 1142 τῳ
990 1082 1192 1142 Ιωσήπω
1214 1103 1283 1143 χρ]
1298 1086 1441 1138 ζοντες
1463 1083 1647 1169 ἀγορᾶς·
1679 1084 1804 1132 ουδὲν
1837 1087 1920 1144 γὰρ
1950 1088 2015 1146 ἠν,

352 1158 375 1202 ὂ
407 1157 464 1216 μὴ
497 1156 609 1212 μετὰ
640 1155 813 1212 γνώμης
844 1153 1087 1211 ἐπράττετο
1111 1156 1189 1211 τῆς
1221 1153 1404 1197 εκείνου·
1434 1157 1507 1198 καὶ
1537 1154 1620 1211 γὰρ
1650 1154 1699 1199 τὸ
1731 1159 2017 1212 θεραπεῦσαι

350 1225 427 1270 τὸν
457 1226 646 1280 βασιλέα
677 1223 778 1266 τότε
814 1222 1029 1279 χρήσιμον
1068 1221 1232 1277 ἐγίνετο
1263 1231 1357 1273 τοῖς
1397 1218 1680 1279 ἀνθρώποις,
1722 1218 1797 1266 ὅτε
1836 1226 1909 1268 καὶ
1939 1226 2017 1281 τῆς

284 1290 564 1350 97Ἰωσήπου
586 1293 716 1348 τιμῆς
747 1290 1075 1348 ἐπιμεληθεῖεν.
1127 1287 1149 1332 ὁ
1183 1290 1230 1332 δὲ
1259 1294 1476 1346 γνωρίσας
1505 1289 1608 1341 τοὺς
1639 1287 1860 1349 ἀδελφοὺς
1890 1287 2016 1336 οὐδὲν

352 1361 706 1416 ἐνθυμουμένους
728 1360 833 1413 περὶ
855 1353 989 1400 αὐτοῦ
1021 1355 1094 1400 διὰ
1115 1356 1164 1400 τὸ
1187 1356 1414 1413 μειράκιον
1435 1358 1514 1412 μὲν
1538 1355 1669 1409 αὐτὸς
1691 1354 2014 1417 ἀπαλλαγῆναι,

352 1429 415 1480 εἷς
444 1431 572 1472 τοῦτο
622 1428 668 1470 δὲ
699 1428 942 1483 προελθεῖν
979 1427 1055 1481 τῆς
1094 1422 1268 1482 ἡλικίας
1307 1427 1498 1468 καὶτῶν
1531 1426 1816 1482 χαρακτήρων
1854 1423 2015 1484 ἠλλαγ-

350 1501 492 1553 μένων
526 1492 796 1552 ἀγνώριστος
827 1490 977 1544 αυτοῖς
1009 1491 1135 1545 εἶναι,
1165 1495 1229 1548 τῷ
1261 1493 1308 1535 δὲ
1338 1496 1519 1549 μεγέθει
1540 1495 1618 1536 τοῦ
1641 1489 1891 1548 αξιώματος
1913 1490 2010 1538 ουδ’

352 1565 414 1615 εἷς
444 1564 646 1607 ἐπίνοιαν
678 1562 828 1605 ἐλθεῖν
860 1556 1009 1611 αυτοῖς
1041 1560 1279 1615 δυνάμενος
1311 1560 1608 1617 διεπείραζεν,
1647 1558 1708 1611 (ὃς
1738 1562 1876 1616 ἔχοιεν
1905 1561 2017 1617 γνώ-

284 1639 337 1680 98
353 1649 438 1690 μης
468 1634 573 1686 περὶ
602 1633 689 1674 τῶν
721 1626 849 1673 o'7wv.
907 1624 983 1671 τόν
1013 1644 1061 1670 τε
1090 1627 1173 1684 γὰρ
1205 1637 1327 1671 σῖτον
1359 1624 1509 1680 αυτοῖς
1541 1646 1616 1672 ουκ
1655 1624 1896 1673 ἀπεδίδοτο
1939 1647 2017 1672 κα-

350 1699 602 1749 τασκόπους
622 1715 670 1741 τε
689 1700 777 1740 τῶν
797 1697 1016 1752 βασιλέως
1037 1696 1311 1752 πραγμάτων
1336 1692 1516 1753 έλεγεν
1500 1693 1617 1754 η’κειν
1637 1698 1711 1740 καὶ
1733 1697 2017 1751 πολλαχόθεν

351 1768 430 1822 μὲν
462 1782 619 1816 αυτούς
651 1766 1016 1822 συνεληλυθέναι,
1056 1764 1425 1821 προφασίζεσθαι
1466 1765 1512 1807 δὲ
1545 1767 1817 1820 συγγένειαν·
1851 1781 1900 1808 ου
1932 1763 2016 1821 γὰρ

352 1833 465 1879 εἶναι
498 1832 682 1877 δυνατὸν
715 1829 839 1889 ἀνδρὶ
871 1831 1024 1888 ἷδιωτη
1047 1829 1274 1883 τοιούτους
1295 1833 1462 1883 παῖδας
1483 1834 1555 1875 καὶ
1577 1832 1657 1883 τὰς
1678 1849 1856 1890 μορφας
1879 1828 2017 1883 οἱτως

465 1961 485 2003 ξ
511 1961 553 1994 93
578 1974 620 1986 =
646 1958 735 1994 Gen.
761 1957 846 1991 XLI
871 1960 925 1991 55.

463 2036 928 2107 ROMSPLELatZonaras
952 2068 969 2103 I
993 2080 1030 2113 p.
1057 2071 1110 2103 45.
1159 2032 1397 2103 ΕΧοΡθιωεε.

470 2133 482 2162 1
511 2122 695 2173 *ηπτετο]
721 2125 848 2163 είπετο
867 2126 930 2161 RO
1024 2128 1090 2172 τῷ]
1115 2123 1156 2161 ἐν
1180 2127 1234 2161 τῶ
1252 2125 1283 2159 Ε
1379 2128 1397 2159 2
1423 2122 1523 2165 *ἐπιἼ
1550 2124 1605 2160 εἰσ
1625 2123 1662 2158 M
1754 2121 1832 2167 τὰς]
1851 2122 1924 2162 τὰσ
1948 2129 2016 2162 τοῦ

351 2184 595 2222 MSPLEExc
688 2188 706 2219 3
733 2179 769 2219 δ’
795 2183 827 2218 Ε
921 2179 1120 2228 *ἰώσηφον
1143 2182 1173 2216 L
1274 2185 1292 2215 5
1318 2178 1457 2225 μόνοισ
1482 2180 1514 2214 Ε
1609 2184 1628 2215 6
1653 2177 1860 2224 α’ξιοῦντος]
1889 2177 2016 2225 οἷξιοῦν

349 2243 389 2280 τὲ
414 2242 448 2277 R
552 2245 568 2275 ’1
596 2238 767 2286 ἰωσήφου
791 2240 822 2274 L
872 2270 875 2271 γ
925 2239 1127 2285 χρομένων
1151 2238 1229 2273 Exc
1335 2240 1353 2271 S
1380 2237 1456 2279 *⁶331
1482 2233 1523 2282 δι’]
1548 2237 1774 2273 Echekker
1875 2241 2016 2282 δεινῶς]

349 2295 498 2337 ἰδεῖνώσ
522 2297 561 2332 Μ
680 2296 1002 2343 ἐκτετρυχομένησ
1026 2295 1139 2330 RExc
1271 2298 1310 2328 10
1334 2293 1564 2338 πεπυσμένοι
1590 2294 1623 2329 R
1647 2294 1911 2338 πεπυσμένουσ
1936 2295 2015 2331 Exc

463 2354 650 2401 ἐφεῖσθαι]
676 2351 857 2390 ὠνεῖσθαι
883 2353 912 2388 O
1011 2349 1084 2388 τὰσ
1109 2347 1259 2397 α’γορὰσ
1284 2350 1363 2385 Exc
1459 2354 1494 2385 11
1524 2350 1732 2396 *κατέσχεν
1757 2350 1924 2386 S¹P¹Exc

350 2415 571 2460 *βενιαμεῖν
596 2411 714 2445 MExc
739 2407 922 2457 βενιαμὴν
947 2409 986 2443 S¹
1011 2410 1158 2455 βενιαμὶ
1186 2409 1225 2443 S²
1340 2405 1506 2452 ῥαχήλησ
1532 2407 1585 2443 SP
1699 2410 1737 2442 l‘).
1761 2403 1934 2456 Ἰωσήπῳ]
1961 2410 2015 2444 τιῦ

2046 895 2083 928 10

2047 1233 2083 1266 15

351 2464 506 2515 ἰωσήπω
531 2467 709 2503 MSPExc
734 2469 788 2503 τῶ
813 2463 968 2512 ἰωσήφω
993 2465 1024 2500 L
1117 2464 1179 2500 *οὶ
1204 2464 1273 2508 μὲν
1288 2468 1385 2498 -13
1413 2460 1575 2511 Ἰωσήπῳ
1601 2474 1668 2499 om.
1695 2464 1724 2499 O
1822 2466 1860 2499 13
1886 2468 2016 2501 *σννε-
2072 2490 2077 2495 -

1188 2534 1245 2556 (ΠΙ

350 2570 538 2619 τύγχανον
562 2570 595 2604 R
618 2568 796 2614 ἐνέτιχον
821 2567 899 2602 Exc
1011 2534 1385 2613 χρηςοιὲεοαῃοασ
1411 2576 1437 2599 S.
1465 2577 1508 2599 m.
1536 2568 1553 2599 2·
1581 2564 1610 2599 O
1718 2559 1910 2611 α’γοράσαι
1935 2565 2014 2602 Exc

465 2624 548 2664 0230&-
574 2625 638 2661 ΒΟ
742 2628 781 2659 14
806 2627 870 2670 τῆς
894 2622 1054 2665 ἐκείνου]
1080 2637 1147 2659 του
1172 2616 1341 2668 ἰωσηῑιοι
1367 2621 1429 2655 RO
1539 2624 1576 2655 15
1603 2619 1752 2667 ε’)ίνετο
1779 2622 1923 2657 OLExc

354 2711 391 2742 17
419 2703 546 2748 αι’-τὸς]
572 2684 620 2742 αἰτ)
642 2704 681 2739 Μ
707 2698 825 2739 αὐτὸν
849 2703 904 2737 ed.
930 2714 984 2747 pr.
1114 2705 1153 2737 15
1178 2703 1252 2741 καὶ]
1280 2706 1317 2734 nt
1343 2700 1413 2735 Lat
1437 2714 1489 2742 ως
1513 2700 1606 2735 coni.
1730 2701 2014 2747 ἐνηλλαγμένων

350 2762 559 2798 MSPLExc
679 2763 717 2794 19
744 2758 827 2796 σι’·ὁὶ-
854 2759 1089 2795 ROSPLExc
1211 2760 1251 2792 2⁰
1277 2753 1417 2798 αι’-τοῖς]
1445 2753 1560 2793 αὐτοῦ
1585 2756 1672 2791 51¹1,
1795 2754 2014 2801 δυνάμενος]

349 2820 442 2856 coni.
469 2817 690 2863 Λυναμὲνοισ
715 2817 818 2852 codd.
846 2816 924 2851 Exc
1007 2811 1123 2851 αὐτοῦ
1155 2813 1377 2858 δυναμένοισ
1403 2811 1528 2848 ἐλθεῖν
1559 2816 1603 2847 tr.
1630 2813 1659 2847 L
1742 2814 2013 2858 *διεπείραζενῙ

348 2876 548 2920 ἐπείραζεν
566 2874 644 2909 Exc
737 2877 774 2907 ‘21
805 2871 873 2909 τόν
900 2875 952 2913 τε]
978 2869 1024 2908 τό
1050 2885 1088 2908 τε
1115 2871 1154 2905 S'
1247 2866 1443 2906 α’πεόίύετο
1472 2869 1508 2903 Μ
1602 2872 1642 2903 ’23
1668 2869 1737 2913 μὲν
1761 2879 1828 2903 om.
1844 2868 1921 2903 Exc

349 2932 578 2980 συγγένειαν]
605 2927 672 2975 τὴν
697 2929 915 2976 συγγένειαν
941 2929 972 2963 Ε
1066 2931 1107 2961 24
1131 2929 1193 2963 καὶ
1223 2923 1297 2969 τὰς]
1321 2923 1418 2962 κατὰ
1446 2925 1483 2960 Μ

2143 1958 2152 1970 ,Α
2148 1939 2149 1942 „
2139 1909 2146 1928 .-
2136 1792 2150 1876 s«,..-„
