2060 3475
828 203 1021 238 l‘raefatIo.
1692 206 1717 238 V
1726 207 1754 240 ll

93 317 296 360 uidentur.
358 320 537 370 apparet
580 316 707 369 igitur
738 316 813 357 hos
851 316 992 358 titulos
1031 316 1287 369 antiquiores
1329 317 1386 359 ita
1428 321 1608 360 mutatos
1649 332 1753 372 csse,

91 389 135 426 ut
179 389 397 436 utrumque
449 397 553 438 opus
599 383 768 425 maioris
812 384 997 436 corporis
1040 398 1135 438 pars
1172 398 1265 426 csse
1302 385 1506 427 uideatur.
1564 385 1605 426 id
1643 386 1755 438 quod

89 451 193 492 satis
224 451 397 503 antiquo
440 455 628 505 tempore
665 452 821 492 factum
863 465 954 493 esse
993 465 1043 492 00
1083 452 1284 503 cernitur,
1331 452 1441 503 quod
1474 453 1754 507 Hieronymus

91 518 183 570 (uir.
206 518 352 559 illustr.
377 532 409 560 0.
440 518 505 572 13)
538 518 761 572 losephum
794 517 847 559 (10
879 518 1123 572 captiuitate
1152 518 1189 559 11.
1214 532 1248 560 0.
1283 521 1382 572 frey)
1419 516 1625 569 ἁλώσεως
1655 522 1753 563 scri-

89 586 222 639 psisse
253 585 368 638 dicit,
401 599 482 639 quo
515 587 682 628 nomine
705 590 747 627 ct
768 585 869 627 alibi
895 585 1172 639 Hieronymus
1204 589 1245 627 et
1276 587 1395 627 multi
1427 587 1499 628 alii
1530 601 1658 642 saepe
1690 588 1754 630 usi

88 658 195 694 sunt.
257 652 421 695 uidetur
459 653 586 707 igitur
626 654 768 708 paullo
800 657 894 707 post
925 653 1096 695 Eusebii
1128 657 1315 706 tempore
1348 653 1425 695 hoc
1457 668 1605 696 nomen
1638 655 1748 696 inua-

89 719 228 762 luisse.

203 787 342 829 Etiam
373 788 489 829 aliud
522 787 636 842 passi
670 793 766 829 sunt
788 786 956 841 Iosephi
987 786 1094 838 libri,
1127 786 1239 840 quod
1262 787 1430 839 quidem
1454 790 1632 831 fortasse
1656 803 1748 832 con-

87 856 273 897 iunctum
313 855 390 896 fuit
430 868 522 897 cum
562 869 704 897 eorum
744 854 992 897 collectione
1032 857 1073 894 et
1113 854 1538 908 transnominatione,
1576 856 1630 898 de
1670 871 1752 911 qua

86 921 210 963 modo
252 920 354 963 dixi.
416 935 513 964 nam
554 936 627 977 pro
671 926 782 964 certo
822 921 1043 963 statuimus
1074 920 1299 975 Iosephum
1332 935 1382 963 ex
1416 936 1529 965 more
1561 927 1750 966 ueterum

85 989 215 1031 libros
246 989 305 1030 ita
338 988 543 1041 edidisse,
582 994 626 1032 ut
655 988 808 1042 singuli
840 988 936 1029 libri
967 989 1142 1042 singulis
1174 989 1458 1031 uoluminibus
1491 991 1749 1034 contineren—

85 1059 150 1098 tur
167 1055 210 1110 ¹),
241 1056 538 1108 antiquitatum
569 1057 694 1110 igitur
724 1055 854 1098 libros
885 1055 1035 1109 uiginti
1069 1069 1162 1097 cum
1194 1057 1284 1098 uita
1309 1057 1437 1099 fuisse
1466 1058 1506 1099 in
1529 1059 1748 1101 uolumini-

86 1123 162 1165 bus
196 1124 341 1177 uiginti
375 1130 415 1166 01
445 1137 549 1175 11110,
582 1128 623 1165 01
654 1121 802 1165 eadem
834 1123 996 1165 ratione
1028 1128 1178 1165 cetera.
1240 1124 1316 1166 sed
1348 1138 1397 1167 eo
1429 1126 1515 1167 fere
1547 1131 1747 1181 tempore,

86 1203 168 1242 quo
200 1191 404 1245 Iosephus
435 1204 461 1232 a
491 1190 627 1232 doctis
661 1190 910 1232 Christianis
942 1190 1168 1243 diligenter
1207 1191 1290 1244 legi
1323 1196 1495 1246 coeptus
1535 1199 1618 1246 cst,
1660 1208 1750 1237 mos

84 1257 282 1311 inualuit,
313 1262 358 1298 ut
388 1270 442 1299 ex
473 1258 756 1300 uoluminibus
787 1257 1037 1312 papyraceis
1072 1257 1239 1300 codices
1272 1266 1640 1315 componerentur,
1679 1263 1749 1314 qui

84 1329 204 1366 erant
235 1338 287 1367 ex
318 1325 574 1367 membranis
605 1325 846 1378 complicati
868 1338 916 1367 eo
948 1324 1085 1379 modo,
1117 1330 1162 1367 ut
1192 1326 1314 1380 plura
1345 1328 1562 1369 uolumina
1592 1328 1634 1370 in
1665 1330 1748 1372 sin-

81 1393 202 1445 gulos
235 1390 401 1434 codices
432 1392 870 1445 transcriberentur-2),
903 1393 1049 1445 quales
1082 1393 1207 1435 etiam
1235 1407 1345 1435 nunc
1369 1394 1585 1437 habemus.
1637 1410 1748 1439 noua

82 1459 179 1501 hine
209 1463 301 1501 orta
333 1463 396 1501 est
426 1460 594 1512 Iosephi
627 1459 779 1501 diuisio
815 1460 884 1501 uel
921 1459 1071 1512 editio,
1112 1472 1220 1512 quae
1260 1462 1440 1504 fortasse
1478 1476 1570 1503 cum
1603 1476 1654 1506 ea
1695 1464 1747 1506 de

82 1540 166 1580 qua
203 1527 328 1569 modo
368 1525 552 1568 diximus
589 1527 836 1569 collectione
874 1527 1096 1568 coniuncta
1132 1527 1227 1581 fuit3
1268 1542 1406 1581 neque
1444 1530 1553 1571 enim
1590 1536 1747 1573 temere

80 1594 194 1636 facta
225 1599 308 1647 est,
345 1592 421 1636 sed
452 1598 566 1636 certa
596 1594 756 1637 ratione
786 1593 978 1635 instituta
1007 1607 1083 1647 per
1113 1608 1258 1638 omnes
1287 1597 1458 1650 Iosephi
1488 1598 1619 1640 libros
1651 1612 1745 1653 pro-

80 1665 237 1715 pagata
268 1665 350 1714 est;
383 1659 427 1702 id
462 1674 629 1714 quoque
664 1661 796 1703 conici
832 1665 983 1714 potest,
1015 1674 1097 1703 non
1134 1663 1269 1704 solum
1306 1663 1557 1707 diuisionem
1592 1679 1747 1708 nouam

81 1728 157 1770 sed
197 1728 324 1770 etiam
364 1728 652 1770 recensionem
684 1727 854 1782 Iosephi
893 1728 1094 1770 librorum
1134 1732 1233 1771 tunc
1274 1730 1430 1772 factam
1472 1745 1576 1774 esse.
1638 1733 1745 1775 haec

79 1795 204 1850 igitur
234 1794 385 1836 diuisio
416 1795 485 1836 uel
518 1794 646 1838 editio
678 1795 853 1837 maximi
883 1795 962 1837 fuit
991 1796 1213 1850 momenti,
1245 1811 1339 1840 cum
1371 1811 1421 1841 ea
1452 1799 1647 1842 effectum
1679 1802 1744 1854 sit,

79 1866 124 1904 ut
153 1862 195 1904 in
227 1875 318 1904 eam
351 1874 435 1914 qua
464 1876 576 1904 nune
606 1865 702 1905 sunt
731 1862 909 1904 formam
940 1863 1110 1918 Iosephi
1141 1877 1270 1918 opera
1300 1866 1600 1919 redigerentur.
1652 1882 1743 1910 eum

79 1929 189 1972 enim
222 1929 391 1984 Iosephi
430 1943 580 1983 corpus
617 1930 660 1971 in
699 1930 820 1984 plura
851 1928 1097 1973 disiceretur
1126 1933 1337 1986 membra,
1377 1934 1534 1976 factum
1575 1939 1661 1989 est,
1700 1941 1745 1978 ut

80 2011 165 2040 non
187 1997 327 2040 omnia
349 1996 529 2039 eandem
551 1996 664 2038 uiam
697 2002 898 2051 tenerent,
931 1998 1007 2040 sed
1045 2000 1273 2053 separatim
1296 2000 1451 2043 tradita
1480 2001 1522 2044 in
1554 2001 1744 2046 diuersas

77 2067 220 2119 partes
250 2064 416 2106 abirent
445 2069 487 2107 et
516 2077 591 2107 sua
622 2078 815 2119 quaeque
845 2078 943 2120 pars
974 2064 1056 2107 sibi
1086 2066 1264 2109 haberet
1293 2069 1392 2110 fata.

191 2131 254 2173 Ae
285 2131 385 2173 belli
407 2131 569 2174 Iudaici
600 2132 699 2174 libri
728 2137 890 2186 septem
921 2146 1087 2187 semper
1113 2133 1309 2177 uidentur
1330 2135 1506 2190 singulis
1529 2137 1742 2180 codicibus

77 2198 221 2240 traditi
251 2211 366 2251 esse,
397 2203 443 2241 ut
473 2213 582 2241 nunc
613 2212 779 2252 quoque
809 2204 926 2253 sunt,
956 2213 1035 2242 nec
1065 2201 1201 2243 minus
1233 2206 1380 2244 contra
1410 2203 1619 2257 Apionem
1651 2205 1742 2247 siue

78 2269 223 2308 eontra
253 2265 438 2309 Graecos
470 2265 523 2309 de
564 2271 774 2309 uetustate
804 2267 1056 2310 Iudaeorum
1096 2269 1193 2311 libri
1233 2269 1315 2311 duo
1354 2283 1475 2312 suum
1514 2284 1662 2325 corpus
1702 2276 1744 2314 et

76 2346 202 2375 unum
243 2346 269 2374 a
306 2332 444 2386 prima
480 2333 558 2375 illa
597 2333 803 2377 diuisione
844 2347 1051 2378 seruasse.
1112 2336 1234 2379 aliter
1278 2350 1379 2380 uero
1419 2338 1741 2390 antiquitatibus

75 2399 259 2442 Iudaicis
290 2401 448 2455 euenit;
479 2415 577 2444 nam
609 2406 695 2444 tam
725 2401 885 2455 grande
916 2416 1020 2457 opus
1052 2417 1145 2446 eum
1175 2405 1219 2446 in
1249 2418 1377 2447 unum
1402 2405 1590 2448 codicem
1625 2419 1739 2449 coar-

77 2467 158 2509 tari
187 2481 271 2509 non
301 2472 466 2522 posset,
497 2468 632 2511 diuidi
662 2483 835 2512 necesse
864 2469 963 2523 fuit;
1002 2470 1047 2512 id
1079 2471 1192 2523 quod
1222 2471 1265 2513 in
1296 2472 1415 2514 libris
1447 2473 1741 2526 superstitibus

75 2533 323 2587 plerumque
353 2535 413 2577 ita
442 2535 599 2577 factum
622 2540 698 2589 est,
730 2541 776 2578 ut
796 2537 1070 2589 antiquitates
1091 2538 1320 2592 bipartitae
1341 2540 1424 2581 sint
1446 2541 1609 2594 utrique
1630 2542 1740 2595 parti

75 2599 196 2643 denis
227 2600 345 2644 libris
375 2602 609 2657 attributis,
648 2604 739 2647 uita
778 2617 878 2647 uero
917 2605 1025 2648 libro
1064 2605 1270 2659 uigesimo
1309 2606 1468 2649 addita.
1527 2607 1603 2651 sed
1640 2609 1741 2652 olim

191 2724 221 2763 1)
245 2721 283 2755 id
318 2724 413 2767 quod
440 2724 616 2769 Iosephus
653 2725 732 2769 ipse
766 2727 922 2761 testatur
953 2726 1019 2762 uit.
1039 2729 1098 2770 653
1133 2728 1282 2763 miserat
1316 2727 1410 2762 enim
1445 2729 1630 2774 Agrippae
1664 2731 1742 2775 regi

74 2776 206 2811 librum
238 2777 282 2812 de
313 2779 409 2815 bello
434 2780 603 2823 Iudaico,
628 2781 791 2826 Agrippa
821 2783 1027 2828 rescripsit:
1062 2778 1192 2829 ἥδιστα
1218 2787 1372 2830 διῆλθον
1403 2781 1470 2830 τὴν
1498 2783 1646 2832 βύβλον
1674 2788 1742 2823 καί

73 2845 140 2876 μοι
164 2829 260 2869 πολὺ
284 2832 576 2883 ἐπιμελέστερον
600 2833 730 2880 ἔδοξας
754 2840 832 2873 τῶν
855 2833 972 2875 ταύτὰ
996 2837 1301 2886 συγγραψάντων
1317 2835 1577 2887 ἠκριβωκέναι.
1616 2843 1740 2887 πέμπε

75 2887 113 2924 δέ
135 2901 201 2933 μοι
224 2891 289 2925 καὶ
312 2887 380 2932 τὰς
404 2889 549 2934 λοιπάς,
578 2893 613 2927 h.
639 2905 669 2929 e.
695 2894 835 2939 reliqua
858 2895 943 2930 belli
967 2896 1108 2930 Iudaici
1133 2895 1329 2931 uolumina.

187 2947 221 2987 2)
245 2945 328 2980 uide
352 2947 443 2990 Birt,
470 2948 534 2983 das
559 2949 684 2984 antike
708 2950 932 2986 Buchwesen
955 2963 991 2996 p.
1011 2953 1088 2986 371.
