2170 3475
365 233 485 269 XXVI

568 345 753 387 Zonaras
782 343 802 384 Ι
832 355 872 396 p.
895 343 961 382 96.

368 414 385 456 ἐ
393 432 411 456 ν
430 414 542 456 νυκτὶ
560 412 642 466 μιᾷ
661 406 1005 465 καταφαγόντων
1021 405 1076 448 τὰ
1097 403 1173 449 τό-

367 481 418 531 ξα
448 482 534 521 τῶν
570 473 814 528 Ἀσσυρίων
844 476 914 517 καὶ
945 473 1000 516 τὰ
1033 473 1171 516 λοιπὰ

365 550 450 589 τῶν
472 541 623 588 ὅπλων
656 539 810 587 αὐτῶν.
869 545 998 585 τοῦτο
1021 541 1065 585 ἐν
1095 543 1174 596 μὲν

364 617 415 670 τῇ
435 615 522 655 τιῦν
546 612 784 666 βασιλειῶν
817 605 893 653 οὖν.
924 606 1174 667 ἀναγράφε-

364 698 437 723 ται
456 680 609 735 βίβλῳ,
637 674 850 735 Ἰώσηπος
873 678 919 720 δὲ
942 678 1109 733 ἱστορεῖ
1129 675 1173 720 ἓν

358 746 580 803 (Ηροδότῳ
621 743 771 802 εὑρών.
831 745 907 789 τὸν
939 745 986 788 δὲ
1016 751 1172 803 Βηρω-

366 814 442 858 σὸν
468 813 521 856 τὰ
543 812 777 856 Χαλδαϊκὰ
809 813 1173 870 συγγραψάμενον

365 884 550 941 ([άσκειν
588 882 725 939 φησὶν
765 878 825 932 ὥς
856 880 1117 924 ἐπανελθών
1148 878 1170 924 ὁ

363 952 628 1007 ΣεναχηρεὶΙιι
669 944 758 992 άπὸ
791 951 869 991 τοῦ
906 951 993 991 τῶν
1028 949 1172 1005 Αἰγυ-

363 1022 505 1061 πτίων
536 1018 732 1071 πολέμου
753 1018 965 1072 κατέλαβε
993 1015 1072 1073 τὴν
1097 1015 1174 1059 σὺν

363 1089 426 1141 τῷ
443 1083 631 1141 Ῥαψάκῃ
665 1083 876 1140 στρατιὰν
907 1084 970 1135 εἷς
989 1081 1174 1141 Ἱεροσό-

365 1155 478 1208 λυμα
498 1154 570 1196 καὶ
590 1155 669 1195 τοῦ
690 1155 803 1195 θεοῦ
825 1152 1019 1210 λοιμώδη
1043 1153 1173 1196 νόσον

365 1221 663 1277 ἐνσκήψαντος
706 1229 801 1271 τοῖς
837 1215 1089 1275 Ἀσσυρίοις
1130 1219 1173 1263 ἐν

362 1291 443 1346 μιᾷ
478 1290 595 1331 νυκτὶ
633 1287 843 1343 μυριάδες
880 1283 1174 1331 ὀκτωκαίδεκα

364 1360 629 1415 φθείρονται
686 1357 759 1398 καὶ
826 1356 1175 1409 πεντακισχίλιοι

365 1441 441 1468 συν
464 1422 645 1481 ἡγεμόσι
665 1425 738 1466 καὶ
762 1422 1030 1479 ταξιάρχαις.
1083 1423 1172 1466 δεί-

365 1509 443 1543 σας
484 1483 557 1535 οὖν
598 1491 758 1541 ἐκεῖνος
797 1493 900 1547 περὶ
938 1493 991 1547 τῇ
1035 1491 1172 1548 λοιπῇ

365 1563 550 1617 στρατιᾷ
582 1575 615 1604 e.
639 1575 676 1616 q.
699 1574 730 1603 S.

1092 227 1289 263 Praefatio.

1422 341 1604 396 epitome
1633 340 1676 382 X
1705 342 1731 393 ξ
1755 343 1816 384 18,

1211 423 1360 463 ρειμος
1401 407 1447 449 δὲ
1482 408 1731 464 πολιορκῶν
1760 406 1810 450 τὸ
1842 406 2022 464 Πηλού-

1211 489 1307 517 σιον
1338 474 1463 517 ἔλυσε
1493 473 1570 531 τὴν
1608 476 1869 531 πολιορκίαν
1899 476 2020 529 μυῶν

1211 540 1255 584 ἐν
1273 543 1387 584 νυκτὶ
1405 544 1488 599 μιᾷ
1509 542 1817 600 διαφαγόντων
1837 541 1892 584 τὰ
1913 541 2021 592 τόξα

1210 611 1281 652 καὶ
1311 608 1366 651 τὰ
1409 609 1546 652 λοιπὰ
1587 605 1708 653 ὅπλα
1745 612 1832 652 τῶν
1861 606 2020 651 Ἀσσυ-

1210 680 1330 732 ρίων.
1381 672 1517 728 οὓτως
1547 678 1626 732 μὲν
1642 677 1877 733 Ἡρόδοτος
1899 677 2021 720 ἱστο-

1212 753 1294 800 ρεῖ·
1342 744 1554 801 Βηρωσὸς
1576 745 1623 788 δὲ
1653 743 1676 789 ὁ
1708 745 1762 788 τὰ
1784 743 2020 788 Χαλδαϊκὰ

1211 811 1575 867 συγγραψάμενος
1631 812 1894 870 μνημονεύει
1942 813 2021 854 τοῦ

1210 883 1529 936 Σεναχηρείμου
1575 881 1731 936 λέγων,
1783 877 1843 930 ὥς
1875 880 1917 935 (ξ
1948 879 2020 934 21)

1209 943 1499 1003 ὑποστρέψας
1529 944 1551 990 ὁ
1578 947 1895 1004 Σεναχήρειμος
1926 942 2016 990 ἀπὸ

1210 1016 1288 1056 τοῦ
1311 1016 1398 1056 τῶν
1419 1014 1685 1070 Αἰγυπτίων
1716 1017 1912 1070 πολέμου
1943 1014 2021 1058 ἐπὶ

1210 1080 1264 1124 τὰ
1304 1079 1583 1137 Ἱεροσόλυμα
1625 1081 1885 1138 καταλαβών
1935 1081 2023 1126 ἐκεῖ

1209 1150 1288 1207 τὴν
1327 1148 1414 1192 ὑπὸ
1456 1152 1516 1206 τῷ
1564 1153 1792 1208 στρατηγῷ
1826 1148 2019 1207 Ῥαψάκῃ

1212 1217 1395 1272 δύναμιν
1424 1220 1502 1261 τοῦ
1534 1220 1645 1261 θεοῦ
1676 1216 1878 1274 λοιμικὴν
1908 1221 2021 1272 πέμ-

1211 1293 1381 1340 ψαντος
1413 1282 1546 1329 αὐτοῦ
1573 1288 1637 1342 τῷ
1677 1287 1850 1342 στρατῷ
1889 1284 2020 1329 νόσον

1209 1352 1320 1395 κατὰ
1349 1353 1427 1409 τήν
1458 1353 1637 1411 πρώτην
1668 1353 1799 1396 νύκτα
1828 1356 1905 1410 τῆς
1935 1369 2021 1397 πο-

1211 1421 1405 1476 λιορκίας
1438 1421 1778 1479 διαφθείρονται
1810 1421 2022 1478 μυριάδες

1210 1483 1504 1531 ὀκτωκαίδεκα
1549 1491 1619 1532 καὶ
1671 1491 2021 1544 πεντακισχίλιοι

1210 1554 1287 1598 συν
1318 1553 1502 1613 ἡγεμόσι
1522 1558 1592 1599 καὶ
1618 1557 1888 1613 ταξιάρχαις.
1934 1553 2016 1601 ὑπ’

1210 1619 1342 1680 αἰτῇς
1373 1624 1420 1666 δὲ
1440 1626 1517 1681 τῆς
1540 1627 1771 1682 συμφορᾶς
1793 1624 1856 1676 εἰς
1877 1625 2020 1683 φόβον

1208 1694 1279 1735 καὶ
1312 1691 1457 1748 δεινὴν
1489 1688 1681 1748 ἀγωνίαν
1708 1692 1928 1744 καταστὰς
1947 1694 2020 1737 καὶ

1210 1759 1358 1810 δείσας
1371 1761 1472 1815 περὶ
1484 1763 1546 1816 τῷ
1560 1762 1733 1816 στρατῷ
1745 1765 1882 1804 παντί
1891 1775 1925 1805 e.
1935 1775 1974 1816 q.
1987 1775 2020 1806 s.

364 1842 494 1884 uerba
524 1842 575 1895 τῇ
608 1830 681 1881 οὖν
713 1842 832 1881 νυκτί
853 1864 905 1868 ——
927 1839 1223 1896 περιλειφθέν
1245 1853 1352 1893 quae
1382 1839 1494 1895 apud
1515 1840 1741 1895 Iosephum
1762 1839 1915 1884 desunt
1935 1841 2020 1896 epi-

365 1909 582 1952 tomatoris
613 1912 722 1961 sunt,
753 1911 920 1961 sumpta
950 1919 1003 1948 ex
1025 1910 1049 1948 4
1072 1907 1233 1963 Regum
1253 1907 1361 1950 XIX
1385 1911 1435 1949 35
1455 1907 1499 1959 ¹).
1551 1920 1660 1960 quae
1686 1907 1783 1950 ideo
1814 1908 2021 1952 adiecisse

366 1976 576 2032 putandus
598 1980 670 2029 est,
696 1988 950 2028 quamquam
967 1989 1065 2018 mox
1082 1975 1232 2017 eadem
1253 1976 1403 2019 iterum
1425 1976 1632 2018 relaturus
1649 1980 1752 2029 erat,
1775 1976 1874 2029 quia
1895 1976 2020 2019 libro-

366 2058 456 2086 rum
487 2056 699 2085 sacrorum
728 2043 1009 2085 narrationem
1040 2042 1274 2086 desiderari
1305 2043 1591 2086 existimabat.
1652 2056 1703 2086 ea
1743 2043 1873 2098 enim,
1911 2057 2020 2097 quae

365 2126 463 2155 mox
499 2116 729 2164 sequuntur
759 2112 801 2163 (ξ
824 2111 966 2163 21sq.)
1006 2124 1031 2153 a
1065 2110 1246 2166 Iosepho
1286 2124 1339 2154 ex
1375 2111 1493 2153 libris
1532 2112 1695 2165 Regum
1734 2116 1957 2167 excerpta,
1995 2125 2022 2155 a

366 2179 520 2221 Beroso
551 2184 720 2220 narrata
758 2191 850 2219 esse
891 2178 1083 2232 opinatus
1125 2184 1189 2221 est
1224 2178 1277 2222 de
1315 2179 1466 2221 lacuna
1503 2179 1605 2221 nihil
1645 2179 1903 2234 suspicatus,
1942 2193 2022 2223 nec

364 2247 528 2300 mirum,
561 2260 653 2288 cum
683 2251 808 2288 antea
838 2246 988 2299 legerit
1020 2244 1232 2302 Βηρωσὸς
1263 2245 1309 2288 δὲ
1339 2271 1393 2275 -
1424 2246 1558 2301 λέγων
1594 2240 1745 2295 οἱῗτως.
1804 2247 1889 2288 iam
1920 2261 2020 2291 uero

365 2314 651 2369 epitomatoris
689 2314 1027 2368 supplementum
1058 2328 1152 2356 oum
1184 2313 1333 2357 eodem
1372 2314 1463 2357 loco
1503 2313 1617 2368 apud
1652 2314 1860 2357 Zonaram
1891 2319 2020 2370 extet,

364 2397 446 2425 non
477 2382 636 2434 dubito,
669 2382 767 2434 quin
798 2382 851 2424 ab
883 2395 932 2424 eo
964 2396 1015 2424 ex
1048 2382 1234 2437 epitoma
1264 2387 1474 2437 sumptum
1499 2381 1564 2435 sit,
1594 2381 1654 2423 ita
1675 2385 1827 2435 tamen,
1860 2387 1904 2425 ut
1934 2384 2019 2439 epi-

363 2454 633 2503 tomatorem,
673 2450 743 2502 qui
783 2449 878 2491 libri
915 2449 1022 2491 sacri
1062 2451 1193 2493 uerba
1231 2450 1366 2493 minus
1405 2450 1619 2503 eleganter
1658 2448 1772 2492 diota
1812 2463 1904 2493 cum
1934 2449 2019 2493 fide

364 2518 532 2572 recepit,
564 2517 806 2559 emendaret
837 2520 877 2559 et
906 2518 1143 2572 perpoliret.

477 2584 684 2627 I'robasse
715 2583 863 2626 uideor
893 2585 1099 2627 Zonaram
1131 2599 1250 2628 usum
1282 2600 1374 2629 esse
1410 2585 1610 2640 epitoma;
1653 2598 1750 2626 nam
1790 2584 1893 2626 talia
1924 2588 2020 2628 sunt

365 2657 624 2705 argumenta,
658 2657 701 2694 ut
733 2651 914 2693 dubitari
946 2667 1027 2695 non
1058 2654 1211 2708 possit,
1242 2667 1377 2707 neque
1407 2666 1456 2696 eo
1488 2651 1655 2704 infringi
1687 2657 1873 2706 possunt,
1906 2652 2019 2705 quod

365 2719 572 2762 interdum
594 2720 801 2762 Zonaram
824 2734 906 2762 non
929 2734 1021 2763 cum
1052 2722 1236 2775 epitonia
1267 2724 1339 2763 aut
1369 2720 1578 2776 epitomae
1609 2720 1759 2763 nostris
1790 2719 2017 2775 codicibus,

481 2878 508 2909 l)
534 2878 592 2909 καὶ
628 2875 776 2921 ἐγένετο
811 2873 944 2918 νυκτὸς
973 2878 1033 2911 καὶ
1067 2877 1222 2922 ἐξῆλθεν
1252 2875 1412 2923 ἅγγελος
1443 2878 1574 2922 κυρίου
1603 2877 1663 2911 καὶ
1689 2869 1884 2917 ’ἐπάταξεν
1908 2873 1948 2910 ἓν
1973 2877 2018 2921 τῇ

365 2935 585 2976 ῖιιιρι-,ιιί-ίολῇ
617 2930 905 2977 τοῖι’,’1ο·σι·ρι’(ην
931 2929 1068 2968 ἑκατὸν
1094 2929 1440 2978 ὀγδοηκονταπέντε
1464 2930 1640 2979 χιλιάδας,
1664 2934 1725 2968 καὶ
1752 2930 1948 2978 ‹Ep-‘Quom'
1973 2929 2016 2968 τὸ

364 2989 474 3031 πρωί,
499 2990 557 3022 καὶ
586 2990 663 3022 mm*
690 2987 811 3024 πάι-ιιι
839 2986 996 3033 σώματα
1025 2987 1148 3035 νεκρά.
