2170 3475
368 241 505 276 XXXII
1096 235 1291 271 Praefatio.

369 354 550 397 Elissaei
601 351 833 407 prophetae
887 349 1094 403 quaedam
1124 349 1333 393 interiisse
1373 352 1487 392 recte
1532 347 1847 392 demonstrauit.
1905 347 2023 391 aliud

372 421 634 476 corruptelae
663 431 794 473 genus
825 430 969 461 omnes
999 417 1153 459 inuasit
1182 417 1312 460 libros
1342 431 1436 460 cum
1468 417 1659 460 uersione
1688 415 1820 459 latina
1848 417 1929 459 VII
1957 419 2024 471 67,

367 489 439 531 ubi
470 489 522 531 de
543 485 849 541 Hierosolymis
880 485 1073 528 dicuntur
1091 484 1216 527 haee:
1251 483 1324 527 ἐπεὶ
1347 483 1429 540 γὰρ
1458 481 1678 539 Ἀβράμου
1698 485 1776 526 τοῦ
1798 482 2019 539 προγόνου

366 553 489 613 ἧμεῦν
519 554 695 608 Σόλυμα
727 553 945 605 ἐκαλεῖτο,
977 549 1087 606 μετὰ
1117 553 1257 594 ταῦτα
1289 547 1331 594 δ’
1369 548 1500 608 αὐτήν
1533 556 1646 609 φασί
1675 567 1810 603 τινες,
1843 546 1913 594 ὅτι
1943 551 2016 593 καὶ

357 620 549 681 (Όμηρος
569 617 692 664 ταῦτ)
720 616 947 675 ὠνόμασεν
965 617 1263 675 Ἱεροσόλυμα·
1285 618 1333 662 τὸ
1350 618 1432 675 γὰρ
1448 620 1567 675 ἱεροῦ
1587 617 1697 661 κατὰ
1714 617 1791 675 τὴν
1808 615 2022 673 Ἑβραίων

368 692 563 747 γλῶτταν
594 685 796 744 ὠνόμασε
826 687 881 730 τὰ
912 687 1090 741 Σόλυμα
1129 680 1152 730 ὅ
1193 685 1311 729 ἔστιν
1343 682 1586 743 ἀσφάλεια,
1619 700 1727 741 quae
1766 688 1827 729 Sic
1860 686 1905 728 in
1935 700 2021 729 om-

367 760 490 802 nibus
521 761 706 801 feruntur
735 758 875 810 libris,
906 756 987 799 nisi
1017 754 1131 809 quod
1160 755 1203 797 in
1234 754 1485 808 quibusdam
1515 754 1619 797 ordo
1658 755 1883 797 uerborum
1914 753 2024 796 alius

371 831 434 870 est
452 826 494 881 ¹).
546 840 596 868 ae
627 825 727 879 quid
747 825 952 879 Iosephus
982 822 1163 866 uoluerit
1189 836 1243 864 ex
1263 823 1284 864 I
1304 823 1329 873 ξ
1355 824 1432 863 180
1465 826 1507 863 et
1527 822 1625 864 bell.
1645 821 1736 864 Iud.
1757 822 1795 864 V
1824 835 1858 864 0.
1881 823 1905 862 9
1937 833 2022 864 cer-

368 895 491 948 nitur,
523 895 594 936 ubi
624 893 717 935 urbi
746 897 888 935 narrat
916 896 1104 946 tempore
1133 890 1333 932 Abrahae
1362 889 1490 931 fuisse
1519 902 1671 932 nomen
1701 889 1905 944 Solymis,
1947 887 2025 930 sed

368 976 467 1004 mox
511 975 536 1003 a
578 960 885 1004 Melchisedeco
933 963 1126 1002 uocatam
1171 970 1264 1000 esse
1308 957 1615 1011 Hierosolyma.
1675 964 1897 1012 praeterea
1937 955 2022 999 Ho-

370 1030 474 1072 meri
495 1029 651 1072 mentio
682 1030 794 1071 faeta
815 1032 892 1082 est,
924 1040 1050 1080 quam
1081 1030 1272 1082 spectare
1305 1030 1480 1080 apparet
1505 1024 1560 1066 ad
1581 1024 1757 1079 Solyma
1776 1039 1873 1079 non,
1905 1028 1949 1067 ut
1979 1023 2024 1066 in

371 1097 487 1138 libris
519 1101 594 1150 est,
625 1095 681 1137 ad
702 1095 1018 1150 Hierosolyma3
1049 1108 1148 1137 nam
1179 1093 1293 1148 apud
1314 1093 1542 1135 Homerum
1566 1092 1730 1147 Solymi
1760 1097 1857 1136 sunt
1882 1091 2023 1145 (Iliad.

371 1164 427 1206 VI
464 1166 538 1205 184
551 1166 628 1215 sq.)
669 1167 709 1206 et
738 1167 900 1205 montes
931 1163 1094 1216 Solymi
1133 1162 1202 1204 uel
1234 1161 1501 1215 Solymorum
1531 1159 1626 1211 (Od.
1656 1160 1693 1202 V
1722 1162 1832 1210 283).
1893 1173 2024 1215 quare

370 1245 453 1274 non
493 1230 666 1272 dubium
707 1235 790 1284 est,
830 1230 930 1283 quin
962 1230 1028 1272 hic
1057 1231 1174 1272 locus
1203 1229 1388 1283 grauiter
1427 1229 1617 1270 turbatus
1648 1228 1714 1271 sit.
1764 1241 1815 1270 ae
1844 1228 2026 1282 primum

369 1299 540 1342 Homeri
589 1297 872 1340 testimonium
917 1297 977 1339 sie
1026 1296 1192 1338 uidetur
1231 1297 1536 1339 restituendum
1584 1310 1696 1340 esse:
1743 1299 1858 1353 φασί
1895 1312 2024 1349 τινες,

371 1362 438 1408 ὅτι
469 1367 540 1407 καὶ
562 1360 755 1421 (Όμηρος
785 1359 909 1405 ταῦτ3
946 1359 1149 1417 ὠνόμασε
1179 1361 1234 1404 τὰ
1265 1362 1455 1416 Σόλυμα,
1489 1377 1597 1417 quae
1626 1378 1653 1406 a
1674 1364 1836 1408 curioso
1867 1365 2026 1408 lectore

370 1435 413 1477 in
457 1435 644 1487 margine
689 1432 884 1487 apposita
928 1436 969 1474 et
1014 1430 1167 1474 deinde
1212 1431 1321 1473 inter
1355 1431 1526 1485 Iosephi
1569 1433 1702 1474 uerba
1747 1432 1889 1475 delata
1933 1445 2027 1475 esse

372 1502 585 1555 existim03
617 1501 720 1544 nihil
752 1500 863 1542 enim
893 1499 947 1541 ad
977 1500 1088 1542 hunc
1117 1499 1255 1541 locum
1284 1499 1546 1553 pertinent.2)
1592 1499 1743 1552 quibus
1785 1500 1931 1544 eiectis
1962 1514 2026 1554 ea,

371 1583 479 1622 quae
510 1583 563 1611 ex
593 1569 687 1611 aliis
708 1569 810 1611 locis
832 1568 1056 1622 Iosephum
1078 1567 1217 1609 dicere
1237 1567 1421 1609 uoluisse
1453 1580 1580 1621 supra
1607 1567 1822 1610 effecimus
1852 1570 2025 1622 restant,

370 1638 430 1678 ita
469 1640 609 1678 tamen
648 1639 692 1678 ut
723 1636 931 1688 quaedam
972 1634 1179 1678 excidisse
1210 1634 1456 1677 uideantur:
1501 1633 1612 1688 μετὰ
1642 1637 1781 1677 ταῦτα
1813 1629 1854 1676 δ’
1892 1629 2027 1691 αὐτὴν

372 1703 710 1759 [ῙΙΙελχισεὸέκῃς
741 1699 762 1744 ὁ
795 1704 881 1744 τῶν
904 1706 1171 1744 Χαιάιέιίιι)ν
1203 1701 1417 1759 δυνάστης
1445 1706 1641 1755 τειχίσας
1669 1703 1741 1745 καὶ
1774 1697 2028 1759 ἀσφαλισά-

372 1775 514 1824 μενοςΙ
531 1768 810 1824 Ἱεροσόλυμα
828 1765 1050 1823 ὠνόμασε·
1073 1769 1120 1812 τὸ
1139 1768 1221 1825 γὰρ
1246 1770 1363 1825 ἱεροῦ
1383 1769 1492 1812 κατὰ
1509 1769 1587 1826 τὴν
1604 1767 1814 1825 Ἑβραίων
1830 1769 2028 1826 γλῶττάν

373 1838 491 1881 ἐστιν
532 1835 775 1895 ἀσφάλεια,
822 1851 930 1891 quae
959 1839 1102 1892 paullo
1139 1839 1263 1881 aliter
1293 1839 1486 1893 exposita
1525 1843 1642 1893 sunt,
1686 1842 1813 1892 atque
1852 1839 1894 1881 in
1926 1839 2029 1882 belli

373 1906 531 1949 Iudaici
572 1908 662 1949 1000
693 1920 819 1961 supra
850 1911 1101 1960 memorato,
1132 1906 1204 1948 ubi
1234 1905 1585 1949 Melchisedeeam
1616 1906 1794 1961 primum
1825 1907 2028 1961 templum

372 1974 620 2017 aedificasse
658 1975 798 2016 tradit.
838 1974 913 2017 sed
953 1975 1054 2016 talia
1091 1976 1268 2028 apparet
1306 1974 1347 2016 in
1389 1974 1709 2026 antiquitatibus
1749 1988 1844 2016 eum
1874 1975 2028 2017 referre

373 2056 454 2084 non
485 2043 693 2097 potuisse,
738 2043 780 2084 in
812 2042 961 2095 quibus
991 2042 1279 2084 Hebraeorum
1324 2041 1454 2083 libros
1500 2045 1666 2083 secutus
1710 2042 1871 2084 nullum
1910 2041 2028 2084 nouit

374 2111 576 2164 templum
615 2113 713 2151 ante
750 2110 1028 2152 Solomonem.
1075 2109 1222 2151 omitto
1261 2109 1367 2151 alias
1406 2109 1664 2164 corruptelas
1705 2108 1818 2152 haud
1857 2122 2028 2164 paucas,

375 2191 483 2231 quae
514 2178 555 2218 in
587 2178 778 2219 omnibus
809 2177 1022 2220 codicibus
1054 2181 1094 2219 et
1125 2177 1166 2219 in
1198 2177 1390 2219 uersione
1422 2177 1552 2218 latina
1581 2177 1867 2231 inneniuntur3
1913 2176 2025 2220 suffi-

374 2245 487 2287 ciunt
518 2246 627 2287 enim
660 2258 711 2286 ea
742 2258 849 2297 quae
883 2245 1003 2286 attuli
1037 2245 1092 2286 ad
1123 2244 1496 2287 demonstrandum
1526 2257 1670 2287 omnes
1699 2245 1829 2287 libros
1861 2258 1914 2288 ex
1944 2257 2026 2287 uno

374 2313 605 2367 exemplari
635 2313 836 2367 originem
867 2312 1050 2354 duxisse.

487 2382 577 2422 Iam
608 2380 644 2422 si
675 2379 729 2421 ad
761 2379 926 2422 codices
957 2386 1118 2423 nostros
1149 2382 1387 2424 accedimus
1419 2385 1621 2424 eteorum
1642 2395 1800 2435 genera
1820 2381 2027 2437 dispicere

376 2461 585 2500 conamur,
616 2447 794 2502 primum
827 2446 1018 2490 uidemus
1050 2449 1214 2491 codices
1236 2449 1308 2492 ΒΟ
1342 2451 1379 2493 h.
1403 2464 1438 2493 e.
1462 2450 1638 2504 Regium
1669 2455 1711 2492 et
1741 2449 2027 2492 Oxoniensem

376 2516 623 2569 plerumque
667 2516 910 2557 coniunctos
955 2515 1156 2557 nominari
1203 2523 1243 2559 et
1287 2518 1478 2560 omnibus
1522 2517 1694 2571 reliquis
1729 2517 1950 2560 MSPLVE
1988 2519 2030 2560 et

377 2583 525 2625 Latino
556 2582 771 2625 aduersari
803 2582 861 2624 ita
893 2582 1076 2636 quidem,
1107 2587 1150 2624 ut
1181 2584 1345 2627 illorum
1377 2585 1600 2639 singularis
1631 2586 1763 2628 uirtus
1796 2584 2026 2639 conspicia-

376 2656 452 2704 tur,
484 2651 676 2704 quamuis
705 2655 845 2694 aetate
876 2650 1066 2704 plurimis
1097 2651 1178 2692 sint
1209 2653 1400 2695 minores.
1463 2654 1515 2696 de
1555 2654 1706 2709 quibus
1742 2666 1851 2696 nunc
1889 2665 2027 2707 pauca

491 2834 519 2866 1>
544 2827 587 2865 τὸ
628 2844 700 2877 γαρ
737 2827 843 2876 ἱερὸν
873 2828 918 2867 τὰ
955 2828 1108 2874 Σόλυμα
1146 2828 1241 2866 κατὰ
1279 2845 1343 2875 ‘'l‘'
1372 2829 1555 2877 'lz‘p'geffl'wr
1588 2828 1765 2876 ὠνόμασε
1796 2834 1972 2877 γλῶσσαν
2006 2823 2030 2866 3

375 2885 478 2922 ἐστιν
502 2883 688 2931 ‹loqn'tlwc
713 2888 773 2922 alii
800 2888 903 2922 codd.
930 2887 1075 2922 habent.

491 2949 522 2985 2)
547 2944 687 2978 accedit
717 2944 811 2987 quod
837 2944 1011 2988 Iosephus
1042 2944 1077 2977 id
1110 2954 1154 2978 ne
1190 2944 1362 2988 probasse
1393 2944 1533 2987 quidem
1560 2945 1722 2988 uidctur3
1759 2955 1840 2979 nam
1865 2944 1901 2979 in
1927 2943 2029 2978 libris

377 3003 503 3035 contra
527 3000 700 3044 Apioncm
728 3000 871 3035 Homeri
898 3001 1119 3046 Solymorum
1145 3001 1244 3035 nulla
1268 3003 1320 3035 est
1347 3000 1489 3034 mentio.
1540 3002 1611 3035 uid.
1640 3014 1668 3036 c.
1696 3001 1799 3047 Ap.1
1825 3012 1855 3036 c.
1882 3003 1936 3035 22.
