2170 3475
356 248 477 283 XVIII
1088 241 1282 277 Praefatio.

358 375 451 405 cum
490 357 811 403 correctionibus
844 356 889 398 in
919 355 1119 409 margine.
1178 354 1356 408 scriptus
1387 356 1449 396 est
1478 351 1683 395 Venetiae
1712 364 1822 394 anno
1851 365 1891 406 p.
1914 350 2012 394 chr.

365 430 484 481 15423
516 441 612 469 nam
642 423 923 477 subscriptum
954 425 1036 464 est:
1075 419 1315 477 ἐτελειώθη
1350 417 1376 476 ἡ
1409 421 1616 473 παροῦσα
1643 419 1798 473 βίβλος
1826 419 1905 475 τῆς
1935 416 2014 460 ἰω-

361 494 502 550 orfime
545 487 852 547 ἀρχαιολογίας
897 483 1006 543 παρ’
1045 486 1151 541 ἐμοῦ
1197 487 1384 530 ἷωάννου
1428 489 1504 530 τοῦ
1549 484 1814 541 μαυρωμάτι
1859 485 2012 543 ,αφμβ’

359 561 609 615 ἰανοιάρίου
639 557 717 610 κςᾌ
769 555 935 613 ἐγράφη
970 555 1013 598 ἓν
1042 559 1270 610 βενετίοις.

469 627 526 669 Hi
556 631 653 669 sunt
683 625 871 678 codices,
911 636 1013 677 quos
1045 623 1216 678 quidem
1246 623 1366 677 noui,
1408 621 1559 676 quibus
1591 619 1889 675 antiquitatum
1918 619 2018 663 libri

356 695 476 738 I—X
505 694 658 747 integri
697 692 844 735 traditi
874 696 980 734 sunt.
1039 691 1115 734 sed
1145 696 1311 746 praeter
1341 703 1414 734 eos
1445 689 1650 731 habemus
1681 688 1910 744 epitomam
1937 684 2016 742 (E)

357 763 673 817 antiquitat-um,
712 761 765 803 de
800 773 884 813 qua
913 773 1022 802 nunc
1052 758 1154 801 mihi
1193 757 1417 802 dicendum
1458 761 1532 799 est.
1546 755 1575 811 ¹)
1635 768 1746 808 quae
1783 769 1810 798 a
1852 768 1934 809 quo
1975 759 2020 798 et

359 830 525 885 quando
566 829 678 871 facta
721 828 795 882 sit,
839 827 1068 881 nescimus3
1114 827 1194 869 1100
1232 826 1386 869 scimus
1425 837 1519 866 eam
1560 837 1587 865 a
1623 823 1812 866 Iohanne
1851 823 2019 866 Zonara

358 898 414 940 ad
444 895 778 952 componendum
810 895 1034 937 chronicon
1065 894 1299 936 adhibitam
1333 904 1426 935 esse
1464 890 1667 946 scriptum
1703 895 1802 946 post
1839 892 2018 933 mortem

358 965 500 1007 Alexii
522 963 722 1006 Comneni
741 962 1006 1017 imperatoris
1030 962 1087 1017 (p.
1111 961 1205 1004 Chr.
1233 960 1371 1013 1117).
1424 959 1534 1001 unde
1565 958 1729 1001 conicio
1760 958 1923 1001 decimo
1944 960 2019 1000 aut

359 1032 579 1074 undecimo
610 1032 697 1073 fere
727 1030 896 1072 saeculo
929 1042 1023 1071 eam
1044 1031 1200 1071 factam
1226 1041 1331 1071 esse.
1384 1026 1636 1081 quicumque
1657 1027 1768 1081 fecit,
1800 1029 1913 1069 certe
1932 1037 2018 1068 non

359 1100 436 1142 fuit
477 1100 601 1141 homo
640 1096 844 1151 insipidus
883 1101 956 1138 aut
985 1097 1210 1139 barbarus:
1249 1109 1347 1138 nam
1389 1098 1430 1136 et
1465 1108 1663 1148 graecum
1694 1094 1755 1137 ita
1784 1093 1932 1147 callet,
1975 1095 2022 1134 ut
2088 1137 2090 1151 ‚

358 1180 493 1222 paene
514 1167 621 1208 inter
641 1165 846 1207 atticistas
867 1163 1079 1206 numerari
1107 1163 1253 1218 possit,
1285 1167 1326 1206 et
1356 1162 1458 1204 satis
1490 1162 1716 1216 diligenter
1739 1174 1912 1204 munere
1941 1172 2019 1202 suo

359 1235 522 1276 functus
563 1238 637 1275 est.
705 1231 847 1275 omisit
884 1232 1131 1286 plerumque
1171 1230 1402 1284 orationes,
1449 1243 1554 1284 quas
1591 1229 1798 1285 Iosephus
1843 1227 2021 1271 inseruit

359 1301 461 1344 satis
491 1300 691 1355 prolixas,
721 1298 1013 1341 historicorum
1043 1297 1284 1340 testimonia
1314 1301 1355 1340 et
1374 1298 1507 1340 multa
1527 1298 1630 1340 alia:
1662 1297 1872 1340 interdum
1903 1294 2020 1338 haud

359 1369 500 1422 inepte
530 1367 698 1422 Iosephi
734 1366 906 1408 nimiam
943 1366 1234 1419 garrulitatem
1274 1365 1465 1419 reccidit,
1505 1365 1600 1408 aliis
1631 1365 1735 1407 locis
1767 1364 1856 1407 eius
1888 1363 2022 1406 uerba

359 1436 509 1477 leniter
528 1434 778 1476 immutauit.
810 1434 939 1476 uitam
956 1433 1125 1487 Iosephi
1147 1432 1315 1475 omnino
1337 1433 1489 1475 omisit.
1522 1432 1645 1475 huius
1663 1433 1790 1487 igitur
1809 1432 2020 1487 epitomae

361 1503 526 1544 codices
558 1502 629 1555 qui
661 1505 804 1543 extant
836 1501 1070 1555 complures
1100 1514 1209 1543 nunc
1250 1501 1522 1543 enumerandi
1561 1505 1668 1543 sunt.
1731 1514 1909 1554 quorum
1939 1499 2020 1555 pri-

361 1583 472 1611 mum
504 1582 575 1611 eos
606 1569 861 1621 memorabo,
893 1568 963 1621 qui
994 1569 1223 1622 epitomam
1253 1572 1325 1610 aut
1353 1572 1484 1611 totam
1516 1572 1588 1611 aut
1618 1567 1755 1610 solam
1787 1567 2023 1621 eontinent;

360 1651 457 1680 nam
489 1651 540 1679 ea
570 1649 735 1690 quoque
769 1636 868 1678 olim
901 1635 1101 1690 bipartita
1131 1635 1287 1677 tradita
1317 1640 1391 1678 est.

473 1704 659 1746 Primum
700 1716 980 1746 commemoro
1027 1703 1214 1745 codicem
1261 1703 1544 1746 bibliothecae
1586 1703 1823 1746 Caesareae
1864 1700 2022 1744 Vindo-

363 1772 559 1815 bonensis
588 1771 695 1813 inter
724 1771 943 1813 historicos
973 1783 1147 1824 graecos
1178 1784 1244 1813 no.
1267 1769 1382 1825 222),
1414 1771 1544 1813 nitide
1575 1771 1775 1824 scriptum
1806 1771 1849 1812 in
1875 1769 2023 1812 charta

363 1840 531 1882 saeculo
561 1839 649 1880 fere
680 1838 793 1891 XIV,
825 1838 1016 1880 foliorum
1049 1841 1142 1879 317.
1202 1839 1347 1893 incipit
1383 1852 1409 1881 a
1439 1839 1580 1880 uerbis
1615 1837 1783 1893 μώριον
1815 1833 1918 1892 ὄρος
1949 1832 2023 1879 ἆν-

363 1905 580 1961 αγαγόντα
618 1903 938 1947 ὁλοκαυτῶσαι·
985 1899 1188 1960 ὅβραμοσ
1231 1905 1276 1947 δὲ
1315 1904 1391 1948 ἐπὶ
1426 1905 1578 1962 μηδενὶ
1618 1909 1776 1960 κρίνων
1817 1906 1855 1959 (I
1885 1907 1910 1957 ξ·
1942 1907 2022 1946 224

363 1988 401 2029 p.
426 1979 490 2026 5:⁷1,
518 1973 600 2028 19),
631 1973 805 2015 desinit:
839 1971 1004 2021 ἔξεστιν
1034 1969 1137 2027 ’ἡμῖν
1164 1981 1310 2015 ποιεῖν
1332 1971 1386 2014 τὰ
1419 1972 1465 2014 δὲ
1496 1972 1630 2015 nemo).
1648 1988 1669 2011 *
1691 1989 1712 2012 *
1735 1989 1755 2011 *
1777 1988 1799 2012 *
1830 1973 2024 2026 (ultimae

363 2042 527 2084 litterae
558 2040 833 2093 euanuerunt)
864 2039 936 2082 lib.
960 2039 1044 2081 XX
1078 2040 1118 2081 in
1140 2039 1236 2082 fine.
1282 2041 1466 2083 continet
1495 2042 1621 2095 igitur
1653 2041 1925 2094 antiquitates
1955 2041 2022 2083 Iu-

364 2108 508 2152 daicas
547 2112 675 2160 totas,
716 2108 795 2149 nisi
835 2107 948 2160 quod
986 2107 1102 2150 initio
1141 2108 1356 2150 mutilatus
1396 2113 1469 2151 est.
1532 2109 1679 2150 ultima
1722 2122 1890 2163 quoque
1920 2108 2024 2152 folia

365 2175 537 2218 madore
562 2175 622 2217 ita
643 2179 836 2228 corrupta
857 2181 963 2226 sunt,
995 2180 1040 2216 ut
1070 2176 1201 2218 multa
1231 2176 1271 2218 in
1304 2176 1364 2218 eis
1386 2177 1555 2219 omnino
1576 2177 1661 2230 legi
1682 2182 1906 2230 nequeant,
1937 2176 2024 2219 alia

364 2244 436 2285 uix
467 2247 712 2297 appareant.
768 2256 820 2284 ex
853 2242 1014 2285 duabus
1045 2243 1235 2297 partibus
1266 2245 1521 2298 compositus
1552 2250 1626 2297 est,
1658 2244 1796 2298 priore
1826 2244 2023 2288 foliorum

369 2313 544 2363 1—11·2‚
575 2310 708 2352 altera
728 2310 813 2350 alia
835 2314 959 2352 manu
989 2311 1145 2365 scripta
1166 2311 1359 2354 foliorum
1388 2314 1624 2365 113ssrl3173
1658 2326 1755 2366 pars
1783 2312 1898 2366 prior
1928 2325 2022 2355 eon-

365 2379 468 2421 tinet
483 2378 681 2420 librorum
695 2377 812 2419 I—X
830 2377 1067 2432 epitomam,
1085 2379 1219 2421 altera
1235 2379 1498 2431 reliquorum.
1532 2379 1704 2422 alterius
1723 2380 2024 2433 quaterniones

366 2447 420 2488 ab
442 2445 559 2488 initio
581 2445 678 2487 libri
694 2445 753 2487 XI
772 2450 1050 2501 numerantur,
1074 2447 1114 2488 in
1133 2450 1251 2501 parte
1268 2447 1405 2500 priore
1423 2448 1740 2500 quaternionum
1762 2448 1924 2490 numeri
1940 2459 2024 2490 non

366 2518 530 2566 extant;
562 2512 692 2567 partis
713 2512 862 2567 prioris
893 2513 1073 2567 paginae
1105 2518 1293 2556 trecenos
1314 2513 1500 2567 singulos
1522 2515 1680 2558 habent
1701 2528 1859 2570 uersae,
1891 2514 2024 2570 partis

366 2581 538 2623 alterius
569 2581 610 2621 in
643 2580 806 2634 paginis
837 2580 980 2634 primis
1011 2584 1105 2622 sunt
1136 2593 1279 2624 uersus
1308 2582 1451 2624 triceni
1483 2583 1602 2637 terni,
1635 2589 1719 2624 tum
1756 2583 1917 2635 triceni,
1949 2581 2024 2624 de-

367 2647 464 2690 inde
486 2648 619 2690 uiceni
643 2648 750 2689 noni.
793 2660 891 2700 crgo
913 2647 1100 2701 singulas
1122 2654 1261 2702 partes
1283 2649 1508 2703 separatim
1539 2651 1809 2704 transcriptas
1833 2649 2024 2703 duosque

368 2715 534 2758 codices
556 2715 597 2756 in
620 2728 744 2757 unum
766 2715 973 2757 coaluisse
995 2715 1196 2758 uidemus
1239 2722 1510 2771 correcturae,
1539 2731 1643 2770 quas
1665 2717 1800 2761 codex
1823 2721 2024 2773 expertus

486 2885 513 2918 1)
540 2892 615 2915 eam
648 2883 753 2916 cdere
786 2883 888 2927 coepi
922 2883 957 2916 in
991 2881 1110 2916 libello
1142 2883 1347 2917 academico
1374 2884 1559 2928 Marburgi
1592 2886 1637 2920 ad
1672 2884 1898 2929 imperatoris
1929 2883 2022 2918 diem

369 2938 578 2973 natalicium
604 2939 855 2973 celebrandum
881 2939 976 2973 011110
1001 2949 1095 2973 anno
1127 2942 1220 2972 1ss5,

483 2999 514 3030 2¹
540 2994 621 3028 111110
647 2995 909 3037 Lamnum-ium,
936 3005 1058 3029 comm.
1087 2996 1130 3029 de
1156 2995 1318 3030 biblioth.
1365 2996 1506 3030 Cacsar.
1535 2996 1741 3033 vindobon.
1769 2996 1853 3031 VIII
1872 3006 1905 3040 p.
1931 2999 1979 3030 10.
