2091 3418
21 937 57 971 10

20 1276 56 1309 15

593 204 754 248 ANTIQ.
781 204 877 240 IUD.
904 205 938 240 11
964 207 1097 239 {so-1³5
1122 207 1246 247 (vm)
1691 204 1744 241 99

200 325 237 364 5.
274 316 322 363 ‘O
353 319 400 361 δὲ
429 320 506 375 τῆς
536 317 682 369 δεξιᾶς
713 313 845 360 αὗτοῦ
871 318 1111 373 λαβόμενος
1140 308 1203 370 ,,ιῦ
1235 322 1398 369 νεανία,
1431 321 1554 375 φησί,
1587 316 1638 360 σὺ
1659 315 1741 373 γάρ
1760 319 1813 359 81)

86 405 162 443 μοι
194 389 268 430 νῦν
300 383 479 443 ἄριστος
509 388 581 428 καὶ
613 390 805 429 συνίσειν
838 386 1105 436 ἱκανώτατος
1145 383 1230 428 ὑπὸ
1273 385 1441 428 οἰκέτου
1472 381 1635 439 τοῦμοῦ
1666 401 1744 439 με-

84 454 372 512 μαρτύρησαι,
404 456 491 497 τιῦν
523 450 664 496 αῦτιῦν
698 450 894 509 ἆγαθιῦν,
927 451 987 496 (ὗν
1017 455 1088 497 καὶ
1120 454 1262 509 τούτῳ
1283 453 1532 507 μετέδωκας
1554 449 1744 504 ἀξίωσον

84 518 193 578 κᾶμὲ
225 522 400 580 φράσας
429 517 514 564 ὅσα
544 539 621 576 μοι
653 520 763 564 κατὰ
795 521 896 572 τοῦς
927 518 1090 572 ῦπνους
1122 518 1361 576 ὀνειράτων
1404 518 1535 574 ὄψεις
1576 520 1744 577 προδη-

86 592 231 634 λοῦσι·
276 589 492 645 βούλομαι
540 590 587 632 δέ
630 605 678 632 σε
716 590 850 647 μηδὲν
893 587 1269 643 ὑποστελλόμενον
1311 588 1439 646 ([όβῳ
1484 590 1743 631 κολακεῦσαι

87 658 243 713 ψευδεῖ
273 658 386 714 λόγῳ
418 659 488 700 καὶ
521 659 582 713 τῷ
615 657 728 713 πρὸς
761 655 941 713 ἡδονήν,
985 652 1036 700 ἂν
1066 653 1261 714 τάληθὲς
1299 657 1671 712 σκυθρωπότερον
1702 646 1742 711 ἦ.

86 725 214 774 ἔδοξα
244 724 326 782 γὰρ
359 724 482 782 παρὰ
514 724 718 779 ποταμὸν
747 725 938 779 βαδίζων
968 725 1078 779 βόας
1118 724 1227 768 ἰδεῖν
1267 721 1499 781 εὐτραφεῖς
1538 720 1628 778 ἅμα
1669 725 1742 766 καὶ
1761 727 1808 767 81

85 797 266 850 μεγέθει
298 792 596 850 διαφερούσας
627 792 741 835 ἑπτὰ
773 792 848 835 τὸν
880 790 1076 847 ἀριθμὸν
1118 789 1208 834 ἀπὸ
1241 794 1318 835 τοῦ
1360 792 1553 842 νάματος
1589 800 1745 846 χωρεῖν

86 861 162 906 ἐπὶ
191 861 240 904 τὸ
284 861 400 913 ἕλος,
442 858 577 911 ἄλλας
609 861 654 903 δὲ
684 861 866 911 ταύταις
896 860 973 903 τὸν
1006 856 1202 916 ἀριθμὸν
1234 861 1554 916 παραπλησίας
1594 858 1638 902 ἐκ
1667 860 1745 901 τοῦ

86 928 209 980 ἕλους
239 926 490 985 ῦπαντῆσαι
524 930 621 971 λίαν
652 932 1002 982 κατισχνωμένας
1032 930 1104 970 καὶ
1128 927 1275 978 δεινὰς
1305 924 1540 984 ὁραθῆναι,
1575 929 1620 969 αἳ
1641 943 1744 969 κατ-

88 1000 323 1041 εσθίουσαι
363 996 442 1046 τὰς
483 992 716 1053 εὐτραφεῖς
755 998 827 1039 καὶ
858 995 1051 1051 μεγάλας
1083 991 1208 1038 οῦδὲν
1246 991 1500 1052 ὠφελοῦντο
1539 997 1744 1048 χαλεπῶς

86 1062 172 1109 ὑπὸ
205 1067 281 1108 τοῦ
314 1066 441 1119 λιμοῦ
472 1067 802 1119 τετρυχωμέναι.
851 1063 961 1118 μετὰ
984 1064 1031 1106 δὲ
1061 1063 1220 1120 ταύτην
1248 1063 1327 1120 τὴν
1358 1060 1468 1118 ὄψιν
1499 1063 1742 1118 διεγερθεὶς
1759 1063 1811 1104 82

87 1132 132 1176 ἐκ
161 1135 239 1175 τοῦ
269 1128 409 1174 ῦπνου
440 1134 509 1174 καὶ
542 1135 860 1187 τεταραγμένος
891 1125 951 1173 ὢν
990 1133 1061 1174 καὶ
1092 1135 1136 1174 τί
1175 1127 1279 1173 ποτ’
1315 1131 1381 1188 εἴη
1413 1130 1461 1173 τὸ
1505 1130 1744 1188 φάντασμα

87 1197 193 1255 παρ’
230 1199 404 1255 ἐμαυτῷ
436 1202 613 1242 σκοπιῦν
644 1203 951 1256 καταφέρομαι
982 1199 1117 1242 πάλιν
1163 1198 1225 1249 εἷς
1257 1194 1393 1241 ῦπνον
1430 1200 1503 1241 καὶ
1544 1198 1744 1253 δεύτερον

87 1264 194 1321 ὄναρ
226 1265 314 1320 ὁριῦ
346 1267 460 1309 πολὺ
491 1269 567 1310 τοῦ
598 1270 816 1322 προτέρου
846 1266 1229 1322 θωμασιώτερον,
1262 1262 1286 1309 ὅ
1317 1283 1371 1320 με
1395 1268 1466 1308 καὶ
1489 1267 1656 1320 μᾶλλον
1678 1263 1746 1307 ἕκ-

87 1339 219 1392 φοβεῖ
248 1336 320 1377 καὶ
350 1333 569 1388 ταράττει.
623 1334 810 1386 στάχυας
832 1333 946 1376 ἑπτὰ
977 1334 1124 1390 ἑώρων
1157 1330 1246 1377 ἀπὸ
1279 1337 1383 1389 μιᾶς
1414 1333 1533 1391 ῥίζης
1564 1332 1742 1388 ἐκφυέν-
1759 1334 1811 1374 83

86 1418 165 1453 τας
194 1404 549 1459 καρηβαροῦντας
582 1399 657 1458 ἤδη
692 1403 763 1444 καὶ
804 1403 1078 1456 κεκλιμένους
1119 1399 1205 1444 ῦπὸ
1239 1404 1315 1444 τοῦ
1352 1403 1524 1457 καρποῦ
1565 1402 1638 1442 καὶ
1668 1401 1746 1456 τῆς

87 1469 202 1526 πρὸς
241 1466 405 1526 ἄμητον
445 1464 562 1524 ὥρας
608 1470 681 1511 καὶ
730 1469 902 1519 τούτοις
950 1469 1122 1525 ἑτέρους
1161 1469 1275 1512 ἑπτὰ
1321 1469 1508 1522 στάχυας
1555 1470 1746 1524 πλησίον

89 1539 402 1594 λιφερνοῦντας
432 1538 502 1579 καὶ
537 1533 744 1587 ἀσθενεῖς
777 1534 861 1579 ῦπὸ
906 1532 1140 1591 ἀδροσίας,
1184 1539 1227 1579 οἳ
1267 1537 1470 1579 δαπανᾶν
1509 1537 1581 1578 καὶ
1619 1551 1746 1578 κατε-

89 1608 237 1648 σθίειν
267 1603 369 1654 τοῦς
399 1601 588 1658 ὡραίους
617 1607 856 1660 τραπέντες
887 1603 1092 1662 ἔκπληξίν
1122 1621 1199 1658 μοι
1229 1606 1523 1666 παρέσχονὲεκ

204 1676 242 1715 6.
270 1668 480 1729 Ἰώσηπος
502 1672 548 1714 δὲ
568 1669 819 1725 ὑπολαβών,
851 1668 1050 1727 ,,ὅνειρος
1069 1671 1148 1725 μὲν
1170 1667 1308 1723 οὗτος,
1331 1668 1467 1723 εἶπεν,
1490 1668 1523 1712 ὠ
1544 1671 1741 1724 βασιλεῦ,
1761 1672 1813 1713 84

90 1743 250 1795 καίπερ
282 1738 326 1782 ἐν
357 1739 456 1782 δυσὶ
485 1748 681 1795 μορφαῖς
711 1735 876 1796 ὀφθεὶς
906 1742 1013 1792 μίαν
1051 1740 1123 1781 καὶ
1153 1738 1232 1794 τήν
1272 1734 1405 1795 αὐτὴν
1446 1734 1746 1795 ἀποσημαίνει

91 1806 290 1863 τελευτὴν
317 1809 405 1849 τιῦν
436 1805 666 1860 ἐσομένων.
718 1804 780 1862 [τό
812 1822 860 1848 τε
889 1805 985 1862 γὰρ]
1014 1805 1094 1856 τὰς
1120 1808 1225 1861 βοῦς
1256 1805 1366 1848 ἰδεῖν
1400 1805 1509 1861 ζῷον
1540 1802 1614 1848 ἐπ’
1641 1802 1746 1861 ἆρό-

89 1890 178 1930 τρῳ
208 1883 360 1917 πονεῖν
389 1876 670 1930 γεγενημένον
700 1871 787 1916 ὑπὸ
820 1875 908 1915 τιῦν
934 1873 1146 1930 χειρόνων
1186 1876 1555 1926 κατεσθιομένας,
1595 1875 1667 1916 καὶ
1700 1873 1742 1916 οἱ
1761 1876 1812 1916 85

202 1999 222 2040 ς·
250 1999 290 2032 80
316 2013 359 2025 =
385 1996 473 2031 Gen.
498 1996 582 2030 XLI
608 1999 660 2032 15.

201 2119 662 2156 ROMSPLELatZonaras
686 2119 703 2153 I
727 2130 762 2164 p.
789 2123 832 2155 46
843 2131 894 2165 sq.
944 2119 1180 2155 ExcPeirese.
1228 2120 1387 2155 Michael
1413 2121 1543 2165 Glycas
1567 2131 1602 2164 p.
1619 2122 1696 2154 273.

202 2179 221 2210 2
247 2177 421 2217 συνίσειν]
454 2173 624 2222 συνήσειν
648 2176 676 2212 Ο
711 2174 859 2213 σύνεσιν
887 2177 1097 2212 MSPLExc
1122 2176 1322 2223 prudentia
1346 2177 1418 2212 Lat
1553 2179 1624 2212 τοῦ
1654 2174 1748 2220 ἐμοῦ

88 2232 321 2268 ROSPLExc
430 2235 448 2266 3
473 2233 738 2277 μεταὸ“έδωκασ
761 2232 938 2268 MSPExc
1053 2236 1073 2267 4
1097 2235 1364 2280 *προδηλοῦσυ
1392 2233 1446 2268 SP
1476 2235 1747 2279 προδηλοῦσειν

88 2289 168 2324 Exc
261 2293 280 2324 5
304 2286 629 2333 ῦποστειλάμενοσ
653 2289 685 2324 Ε
709 2289 905 2325 fort.recte
997 2293 1016 2325 6
1041 2292 1108 2339 τῷ]
1134 2290 1251 2335 suppl.
1268 2301 1314 2324 m.
1333 2294 1349 2325 1
1376 2290 1400 2324 S
1424 2286 1469 2325 τὸ
1495 2289 1566 2323 ML
1658 2285 1746 2330 *ἂν1

90 2342 138 2382 ἄν
166 2341 212 2382 αὖ
236 2345 316 2380 Exc
432 2348 451 2380 8
475 2341 579 2381 *ἀπὸ
605 2349 675 2382 τοῦ
703 2343 884 2390 νάματος]
909 2345 953 2381 cle
978 2347 1131 2392 pascuis
1153 2347 1225 2382 Lat
1339 2349 1358 2380 9
1383 2343 1502 2382 *ἔλοσ
1526 2348 1587 2385 (οσ
1610 2356 1655 2380 ex
1679 2357 1747 2381 εοσ

91 2410 182 2436 corr.
201 2401 238 2443 S)
261 2400 367 2436 RSP¹
441 2405 479 2436 10
504 2398 643 2438 *ἕλουσ
659 2401 763 2438 RSP¹
833 2403 1183 2449 *κατισχνωμένασ,
1210 2417 1229 2438 ν
1251 2403 1275 2437 i.
1288 2413 1358 2437 ras.
1373 2403 1401 2437 P
1473 2400 1522 2443 αἳ]
1548 2412 1615 2437 om.
1634 2401 1746 2436 LExc

90 2459 154 2492 καὶ
177 2456 210 2491 Ε
299 2460 367 2493 *11
394 2454 592 2504 εὐτραφεῖς
614 2460 688 2499 καὶ]
713 2454 957 2505 εὖτραφεῖσαι
981 2460 1012 2495 L
1108 2462 1146 2494 13
1171 2458 1226 2501 ἐκ]
1251 2455 1329 2496 α’πὸ
1355 2458 1385 2492 L
1485 2460 1549 2493 καὶ
1573 2469 1641 2493 om.
1667 2457 1747 2492 Exc

204 2510 258 2549 ὢν
282 2524 349 2548 om.
363 2513 570 2549 MSPLExc
673 2527 767 2551 ποτε
792 2515 863 2550 ΟΜ
968 2519 1009 2550 14
1033 2514 1198 2560 ἐμαυτοῦ
1213 2516 1244 2550 L
1336 2512 1461 2557 πάλιν]
1485 2516 1549 2550 καὶ
1572 2511 1686 2550 πάλιν
1708 2513 1749 2548 Μ

207 2573 246 2604 15
273 2563 296 2605 ὅ
309 2589 351 2594 -
368 2572 408 2604 16
429 2567 616 2617 ταράττει]
641 2581 734 2616 quae
757 2583 868 2606 me—
882 2576 1018 2607 terrent
1041 2577 1151 2617 atque
1174 2572 1389 2608 conturbant
1403 2571 1475 2606 Lat
1545 2574 1585 2605 17
1610 2572 1748 2617 *καρη-

93 2629 322 2674 βαροῦντασ,
346 2640 367 2671 η
389 2625 414 2660 i.
437 2636 508 2661 ras.
534 2626 558 2662 S
580 2630 897 2675 καρυβαροῦντασ
914 2628 946 2662 L
1037 2628 1316 2675 *κεκλημένουσ
1339 2627 1373 2662 R
1465 2628 1563 2663 *τοῦ
1585 2629 1748 2674 καρποῦ,

95 2685 140 2718 οὗ
162 2692 207 2717 ex
231 2695 252 2718 o
277 2691 382 2725 corr„
405 2695 508 2727 καρπ
530 2681 555 2716 i.
568 2683 680 2718 ras.P
775 2686 815 2718 18
841 2678 996 2730 ἅμητον,
1021 2678 1047 2721 o‘c'
1071 2696 1116 2720 ex
1140 2683 1166 2721 ὀί
1191 2695 1282 2720 corr.
1300 2684 1329 2718 P
1355 2679 1501 2729 ἅμητὸν
1524 2683 1656 2719 ROMS

97 2741 136 2774 19
166 2740 444 2785 λιφερνοῦντας]
475 2741 766 2787 λειφερνοῦντασ
797 2739 897 2775 ROE
929 2739 1190 2787 ὃιεφθορότασ
1221 2740 1308 2776 SPL
1340 2739 1628 2786 διεφθαρμένων
1659 2739 1749 2784 Glyc

94 2794 218 2830 inanes
239 2794 311 2829 Lat
378 2792 454 2836 *o‘c'J
479 2794 514 2831 οἳ
538 2795 576 2832 δὲ
598 2796 629 2830 L
698 2798 954 2838 *xaveofflewJ
980 2810 1011 2833 ει
1036 2808 1081 2832 ex
1106 2813 1127 2843 η
1151 2808 1244 2833 corr.
1262 2807 1308 2831 m.
1328 2796 1401 2840 2P,
1427 2809 1480 2833 ειν
1497 2796 1521 2830 i.
1539 2806 1610 2831 ras.
1625 2807 1671 2830 m.
1690 2797 1709 2829 2
1724 2795 1748 2830 S

204 2852 244 2885 20
270 2856 454 2896 παρεῖχον
468 2851 598 2887 MSPE
701 2857 740 2889 21
767 2849 981 2900 *Ἰώσηπος]
1007 2851 1179 2899 ἰώσηφοσ
1203 2853 1234 2888 L
1325 2850 1517 2900 *ὀ’νειρος]
1545 2849 1566 2888 ὃ
1594 2849 1749 2899 ὄνειροσ

94 2904 147 2941 SP
247 2903 378 2943 *εἶπεν
402 2918 468 2942 om.
493 2907 557 2943 Ro
664 2911 706 2943 23
731 2908 962 2954 *ἐσομένων]
994 2909 1280 2956 σημαινομένων
1303 2909 1383 2945 Exc
1495 2905 1572 2946 *τό
1595 2922 1638 2945 τε
1661 2906 1747 2955 γὰρ]

96 2971 162 2996 om.
185 2960 250 2996 Ro
275 2962 373 3007 quod
394 2963 486 2997 enim
511 2964 634 3004 (boues
656 2966 796 3008 uidisti)
822 2966 894 3002 Lat
984 2962 1064 3008 τὰς]
1088 2962 1182 3002 τοὺσ
1206 2966 1239 3000 Ε
1331 2968 1374 3000 2-1
1398 2973 1530 3003 πονεῖν
1554 2976 1621 3001 om.
1647 2965 1680 3000 E

1427 3025 1476 3057 7*
