2060 3475
818 243 1013 278 Praefatio.
1656 242 1740 276 XXI

85 356 150 401 ιῦσ
181 358 225 401 ἒν
255 357 398 414 ὄρόσω
431 357 615 413 ὁιῗσῃχον
646 352 830 412 ὀργάνου
864 356 1014 412 δέρασε
1047 357 1169 412 plura
1201 355 1253 399 de
1285 370 1334 399 eo
1365 370 1446 399 non
1470 355 1618 410 habeo,
1649 369 1741 398 cum

86 427 189 470 nibil
222 441 275 470 ex
306 440 356 470 eo
388 425 646 469 contulerim.

187 494 232 548 J:
266 494 400 537 codex
430 494 644 535 Parisinus
675 505 851 546 graecus
889 495 990 532 1422
1023 493 1182 534 sacculi
1214 494 1299 534 fere
1330 492 1443 534 XVI.

199 561 363 616 Agmen
395 560 592 603 claudant
622 560 704 602 duo
737 560 915 614 codice-⁶3,
948 560 989 602 in
1011 560 1162 613 quibus
1192 561 1390 602 librorum
1410 559 1530 603 I—X
1561 559 1744 614 epitome

86 630 214 673 inest:

197 712 236 750 y.
269 695 404 739 codex
425 695 653 738 Vaticanus
676 697 756 735 981
782 695 1128 737 membranaceus
1159 696 1318 737 formae
1341 695 1523 748 minoris,
1557 695 1625 748 qui
1649 707 1744 737 con-

88 765 194 808 tinet
224 763 393 818 Iosephi
424 763 721 815 antiquitatum
754 762 1019 805 Iudaicarum
1052 763 1182 804 libros
1208 761 1326 803 I—X
1359 762 1584 815 breuiatos‚
1616 762 1746 804 libros

89 831 298 874 XI—-XX
331 845 425 873 cum
455 831 543 873 uita
574 830 820 884 integriores
861 834 902 872 et
942 830 1099 872 bellum
1132 829 1359 873 Iudaicum.
1419 833 1513 885 post
1544 830 1675 871 uitam
1705 829 1746 870 in

90 900 159 943 fol.
187 901 262 942 185
286 903 327 942 et
364 900 440 940 186
471 899 646 940 iteratur
678 911 784 950 quae
815 898 887 940 fol.
911 900 961 938 73
992 900 1033 939 et
1063 901 1114 939 74
1146 898 1302 952 scripta
1332 902 1422 940 erat
1452 897 1549 939 libri
1579 897 1620 938 X
1652 910 1749 952 pars

91 967 235 1010 ultima
265 980 292 1009 a
321 966 462 1009 uerbis
494 965 538 1007 ἐν
569 964 674 1007 οἴκω
704 963 878 1020 μεγάλω
910 965 980 1007 καὶ
1012 966 1128 1020 yvon]
1153 964 1195 1018 (ξ
1218 968 1297 1007 233
1320 980 1359 1020 p.
1383 968 1477 1019 357,
1506 965 1572 1019 18)
1604 963 1752 1007 addita

90 1034 416 1089 subscriptione:
461 1033 591 1074 τέλοσ
634 1031 835 1087 ἰωσήῑῑου
882 1026 1196 1087 ἇρχαιολογίασ
1235 1034 1313 1075 τοῦ
1348 1032 1527 1087 πρώτου
1562 1033 1750 1086 βιβλίου.

92 1103 280 1156 sequitur
318 1101 512 1144 continuo
551 1101 594 1142 in
634 1099 783 1142 eadem
824 1100 981 1154 pagina
1012 1100 1112 1142 belli
1144 1100 1304 1143 Iudaici
1335 1102 1443 1144 liber
1472 1101 1491 1143 I
1522 1101 1752 1156 praemisso

92 1170 212 1213 titulo
245 1169 436 1225 (Γλαβιόυ
469 1166 669 1221 ἰωσήπου
702 1166 931 1209 ἰουόαϊκῐσ
959 1166 1162 1222 ἱστορίασ
1183 1170 1285 1222 περὶ
1310 1165 1522 1210 ἆλώσεωσ
1545 1167 1676 1222 λόγοσ
1699 1166 1753 1209 α’.

94 1236 304 1281 clauditur
324 1235 457 1279 codex
479 1235 545 1278 his
562 1234 720 1277 uerbis:
746 1232 985 1291 ἕτελείωθι]
1010 1231 1032 1290 ἡ
1057 1237 1263 1290 παροῦσα
1282 1235 1473 1292 ἱστορικὴ
1497 1238 1656 1290 βίβλοσ
1673 1238 1756 1291 τῆσ

97 1304 325 1359 ἴοι-δαϊκῆσ
356 1299 669 1358 ἀρχαιολογίασ
699 1303 771 1344 καὶ
796 1298 1009 1344 ἆλιόσειυο·
1038 1304 1139 1359 μηνὶ
1170 1304 1288 1356 μαΐω
1318 1304 1343 1345 Ξ
1367 1305 1443 1345 τοῦ
1478 1303 1608 1358 Ιςωξβ
1629 1303 1758 1346 {tor-o·

99 1372 374 1415 ἶνὸικτιιῦνοσ
406 1369 457 1422 ζ’,
490 1371 529 1413 h.
553 1383 588 1412 e.
615 1383 726 1412 anno
757 1383 797 1423 p.
820 1369 915 1412 Chr.
947 1373 1062 1413 1354.
1123 1375 1235 1414 totus
1265 1372 1492 1426 rescriptus
1521 1372 1589 1413 uel
1621 1376 1666 1412 ut
1697 1370 1757 1412 di-

97 1453 190 1483 cere
227 1440 410 1482 solemus
447 1438 747 1493 palimpsestus
787 1442 849 1480 est
888 1438 949 1480 ita
983 1438 1222 1492 institutus,
1259 1444 1305 1481 ut
1334 1443 1520 1482 ueterum
1552 1439 1757 1481 membra-

98 1520 244 1550 narum
277 1507 442 1561 singula
472 1505 575 1548 folia
606 1504 822 1560 duplicata
852 1505 947 1559 sint,
981 1518 1062 1558 quo
1090 1507 1245 1548 factum
1267 1510 1343 1559 est,
1373 1510 1419 1548 ut
1439 1506 1610 1560 Iosephi
1630 1506 1761 1548 uerba

96 1588 173 1630 per
211 1575 467 1628 antiquiores
505 1573 667 1615 litteras
707 1578 947 1615 transuersa
987 1577 1220 1625 agerentur.
1289 1573 1458 1616 litterae
1498 1573 1759 1626 antiquiores

100 1643 268 1686 saeculo
289 1642 331 1683 X
353 1646 399 1684 ut
419 1640 584 1683 uidetur
612 1645 813 1683 exaratae
846 1640 954 1682 binis
985 1653 1060 1694 per
1089 1641 1268 1695 paginas
1301 1641 1504 1683 columnis
1534 1640 1762 1694 inscriptae

100 1714 232 1752 erant.
282 1722 456 1763 quarum
477 1721 588 1750 nunc
608 1712 754 1750 extant
783 1720 920 1762 pauca
952 1707 1136 1750 maxime
1156 1708 1200 1750 in
1220 1708 1409 1762 margine
1430 1707 1614 1762 Iosephi‚
1645 1707 1763 1750 uelut

103 1777 174 1821 fol.
198 1778 249 1819 84
281 1776 454 1819 alterius
485 1775 707 1817 columnae
736 1774 823 1828 legi
852 1778 1031 1829 possunt
1059 1774 1186 1818 haec:

574 1870 672 1916 ἀλλ’
699 1864 735 1916 ὦ
765 1873 948 1918 πάντων
977 1879 1206 1930 μακαρίων

574 1941 884 1998 μακαριιύτατε
912 1944 1116 1999 βαρθολο

577 2018 682 2064 μαῐε
713 2009 919 2068 λαμπτὴρ
950 2013 1033 2068 τῆσ
1063 2010 1295 2069 ἓκκλησίασ

103 2114 293 2158 fol.116¹
315 2112 534 2167 columnae
554 2112 718 2156 titulus:
749 2113 854 2169 μηνὶ
877 2113 941 2154 τῶ
965 2107 1083 2154 αὐτῶ
1100 2116 1152 2167 β,·
1171 2113 1242 2156 fol.
1270 2117 1375 2155 14ον
1406 2114 1600 2156 columna
1628 2113 1767 2168 priore

103 2194 266 2224 summa
295 2179 402 2222 haec
431 2183 598 2223 extant:
628 2176 653 2235 ἡ
685 2179 764 2233 μὲν
795 2179 877 2235 γὰρ
910 2175 1076 2236 ἇσεβήσ
1105 2196 1153 2223 τε
1177 2180 1183 2235 Ι
1211 2196 1459 2237 προπετεια
1489 2181 1563 2222 καὶ
1595 2177 1768 2222 &vomo

107 2270 112 2324 Ι
132 2269 277 2313 ἔννοια
294 2263 395 2325 ἤτισ
417 2265 501 2324 ἄρα
516 2246 616 2311 τοτὲ
635 2269 638 2321 Ι
655 2268 732 2312 τὸν
748 2269 902 2327 πάσησ
921 2269 1124 2313 ἐπέκεινα
1143 2271 1147 2326 Ι
1167 2270 1348 2328 φύσεωσ
1362 2270 1436 2312 καὶ
1454 2304 1463 2312 .
1481 2304 1490 2312 .
1510 2286 1542 2325 .;
1563 2271 1634 2313 fol.
1654 2273 1766 2314 3951:

105 2349 296 2394 γματοσ·
326 2329 352 2393 ἢ
375 2335 594 2386 δέξασθαι
616 2332 764 2390 ἄρειον
790 2338 796 2392 Ι
824 2336 924 2380 σὺν·
946 2339 1010 2380 τῶ
1031 2337 1303 2395 φρονήματι·
1334 2331 1361 2394 ἢ
1382 2336 1439 2393 μὴ
1469 2338 1474 2392 Ι
1500 2337 1767 2391 βουλόμενον

107 2402 366 2461 ὑποχωρεῖν.
402 2404 407 2456 Ι
443 2403 590 2460 ἑτέρου
630 2408 862 2459 γινομένου
902 2422 953 2448 αν
976 2430 984 2436 -
1012 2408 1209 2461 αυ1)]τοῦ.
1267 2407 1346 2448 τοῦ
1386 2401 1590 2459 ἂσμένωσ
1635 2400 1766 2447 αὐτὸν

110 2475 404 2529 προσιέμενον
435 2471 478 2514 εἴ
495 2488 539 2515 τι
554 2471 588 2526 2)
618 2471 868 2528 μηΙὸέτερον
899 2481 1064 2516 ποιεῖσ.
1114 2478 1336 2529 praeterea
1366 2476 1510 2516 extant
1531 2473 1766 2527 quaternio-

109 2555 210 2584 num
229 2539 392 2583 numeri
412 2540 547 2595 multi,
578 2553 632 2582 ex
652 2540 805 2593 quibus
826 2545 1004 2596 apparet
1032 2541 1136 2584 folia
1169 2543 1259 2584 169.
1288 2544 1363 2582 170
1396 2554 1504 2594 quae
1533 2553 1644 2582 nune
1673 2545 1769 2583 sunt

110 2641 274 2695 antiqui
304 2640 460 2684 codicis
490 2640 620 2683 fuisse
652 2641 871 2685 exordium
895 2642 1142 2697 inscriptum
1164 2623 1195 2695 ,ἶῖ
1217 2640 1368 2684 ἷουνίω
1392 2643 1433 2682 ἆ.
1483 2640 1561 2682 fuit
1580 2641 1705 2695 igitur
1725 2642 1769 2684 in

112 2709 256 2753 codice
277 2709 377 2753 olim
398 2709 683 2761 menologium
707 2709 798 2751 siue
819 2711 1178 2764 martyrologium.
1219 2710 1310 2752 sola
1332 2708 1436 2751 folia
1457 2711 1652 2761 quattuor
1678 2711 1767 2751 157.

116 2779 206 2820 162.
237 2779 328 2819 168.
363 2779 438 2817 171
471 2775 644 2818 aliunde
674 2776 900 2832 adsumpta
928 2782 1037 2831 sunt,
1076 2790 1185 2831 quae
1216 2776 1385 2830 quidem
1416 2779 1514 2818 ante
1542 2775 1770 2830 Iosephum

113 2857 196 2887 non
225 2843 351 2887 modo
382 2843 513 2886 semel
543 2842 620 2885 sed.
650 2843 715 2886 bis
745 2843 947 2899 inscripta
984 2848 1100 2899 sunt,
1139 2848 1181 2887 et
1208 2844 1270 2885 ita
1299 2842 1490 2897 quidem,
1527 2846 1575 2886 ut
1603 2843 1771 2886 litterae

233 3001 265 3040 1)
289 3011 309 3033 ν
325 3017 333 3025 -
350 3011 397 3034 αυ
420 2997 531 3033 dubia
555 3000 651 3033 sunt.
768 3001 800 3041 2)
825 3014 837 3034 ι
862 2999 1020 3033 dubium.
