2091 3418
580 189 743 234 ANTIQ.
769 190 864 225 IUD.
891 189 921 224 V
949 192 1125 225 176—180
1148 192 1198 228 (m
1217 195 1290 232 ¹.2)
1682 188 1761 226 327

103 301 242 347 ὄντων
272 305 348 360 τῆς
382 305 459 360 γῆς
490 308 741 346 Χαναναῖοι
780 303 1193 360 καταφρονήσαντες
1234 297 1376 344 αἰτῶν
1415 301 1765 357 συνεποιήσαντο

105 371 300 426 δύναμιν,
333 366 459 413 οὐδὲν
488 370 567 424 μὲν
600 366 725 413 αὐτοὶ
758 375 1003 413 πείσεσθαι
1035 370 1380 425 ι’τροσδοκῶντες,
1413 366 1472 419 ῶς
1504 369 1550 411 δὲ·
1579 372 1766 423 βεβαίαν

104 438 183 493 τὴν
213 441 289 480 τοῦ
322 437 526 494 ποιήσειν
557 440 698 487 κακῶς
727 437 829 488 τοὺς
854 436 1079 492 Ἑβραίους
1101 436 1262 480 ἐλπίδα
1284 436 1492 490 λαβόντες
1515 431 1587 478 ἐπ’
1615 433 1767 486 ἁδείας

105 505 154 548 τὸ
197 505 357 548 λοιπὸν
399 505 533 548 οἰκεῖν
571 505 650 555 τὰς
689 505 845 555 πόλεις
879 502 1042 561 ἠξίουν.
1103 500 1278 559 ἕρματά
1308 520 1355 546 τε
1387 495 1461 546 οἶν
1493 503 1766 558 παρεσκευά-
1803 508 1879 547 177

54 583 74 614 5
105 573 226 625 ζοντο
257 574 329 615 καὶ
361 571 409 615 τὸ
449 570 680 615 ὁπλιτικὸν
720 573 1004 628 συνεκρότουν
1037 572 1086 613 αἵ
1112 588 1160 613 τε
1191 571 1346 620 πόλεις
1377 567 1520 613 αι’-τῶν
1552 570 1768 628 συνεφρό-

107 658 206 684 νουν
246 641 316 682 καὶ
357 642 433 695 τῆς
460 635 600 682 Ἰουδα
646 641 786 696 φυλῆς
826 639 903 695 τὴν
943 636 1198 682 Ἀσκάλωνα
1246 641 1319 682 καὶ
1351 637 1578 695 Ἀκαρῶνα
1628 655 1768 694 παρε-

106 707 338 751 σπάσαντο
371 704 507 757 ἄλλας
536 723 584 749 τε
615 706 785 756 πολλὰς
815 709 901 749 τῶν
933 706 976 749 ἐν
1006 709 1069 762 τῷ
1108 706 1250 762 πεδίῳ
1289 708 1361 749 καὶ
1392 710 1590 755 Δανίτας
1626 705 1688 756 εἷς
1718 704 1766 748 τὸ

107 772 211 830 ι’)’ρος
244 771 489 831 ἠνάγκασαν
521 783 763 831 συμφυγεῖν
795 770 894 816 οὐδὲ
926 770 1074 829 ὀλίγον
1106 770 1255 824 αὐτοῖς
1277 773 1492 828 ἐπιβατὸν
1512 776 1590 816 τοῦ
1612 773 1769 815 πεδίου

107 842 439 892 καταλιπόντες.
492 842 533 884 οἱ
557 837 598 883 δ’
626 839 725 884 οὕτε
751 843 960 895 πολεμεῖν
982 838 1105 891 ὄντες
1138 841 1279 884 ἱκανοὶ
1309 844 1387 898 γῆν
1418 858 1465 884 τε
1496 837 1570 884 οὐκ
1602 842 1771 894 ἔχοντες
1805 844 1884 885 178

40 919 76 952 10
109 905 327 965 ἀρκοῦσαν
374 912 630 963 πέμπουσιν
668 908 715 959 ἐξ
753 905 896 951 αὐτῶν
937 911 1069 951 πέντε
1109 905 1271 964 ἄνδρας
1313 908 1375 958 εἰς
1420 907 1497 964 τὴν
1542 908 1772 963 μεσόγειον

108 979 440 1031 κατοψομένους
469 978 560 1032 γῆν,
594 975 656 1026 εἰς
688 975 737 1031 ἣν
769 975 1118 1030 μετοικήσαιντο.
1169 976 1210 1018 οἱ
1243 971 1284 1017 δ’
1312 971 1360 1017 οὗ
1393 976 1547 1032 πόρρω
1577 978 1653 1018 τοῦ
1680 981 1772 1019 Λι-

106 1043 244 1098 βάνου
291 1040 421 1098 ὅρους
459 1045 531 1086 καὶ
574 1043 812 1093 ἐλάσσονος
846 1039 1064 1098 Ἰορδάνου
1103 1045 1191 1085 τῶν
1234 1045 1385 1099 πηγῶν
1421 1042 1532 1085 κατὰ
1572 1042 1620 1086 τὸ
1663 1046 1774 1098 μέγα

109 1111 266 1154 πεδίον
297 1111 492 1161 Σιδῶνος
522 1111 697 1161 πόλεως
728 1110 832 1153 ὁδὸν
862 1107 1028 1166 ἡμέρας
1057 1112 1163 1164 μιᾶς
1193 1110 1495 1166 προελθόντες
1529 1112 1601 1153 καὶ
1639 1126 1774 1152 κατα-

110 1178 382 1233 σκεψάμενοι
411 1180 488 1234 γῆν
521 1174 695 1234 ἀγαθὴν
730 1180 803 1220 καὶ
835 1178 1076 1235 πάμφορον
1108 1182 1372 1235 σημαίνουσι
1403 1187 1495 1229 τοῖς
1528 1175 1691 1220 αὗτῶν·
1733 1177 1775 1220 οἱ

42 1255 78 1287 15
110 1242 150 1289 δ’
177 1243 449 1303 ὁρμηθέντες
481 1248 656 1301 στρατῷ
687 1245 906 1297 κτίζουσιν
938 1241 1101 1288 αὐτόθι
1132 1245 1267 1288 πόλιν
1289 1245 1417 1288 Δάνα
1449 1243 1681 1300 ὁμώνυμον
1711 1246 1776 1300 τῷ

105 1310 309 1367 Ἰακώβου
340 1312 471 1355 παιδὶ
505 1314 646 1369 φυλῆς
678 1308 716 1354 δ’
744 1312 976 1367 ἐπώνυμον
1007 1315 1084 1369 τῆς
1115 1308 1272 1356 αὐτῶν.

224 1384 264 1424 2.
301 1386 406 1430 Τοῖς
438 1376 476 1422 δ’
498 1376 790 1437 Ἰσραηλίταις
821 1380 1089 1436 προύβαινεν
1110 1377 1198 1423 ὗπό
1222 1397 1269 1423 τε
1292 1376 1500 1435 ἀπειρίας
1521 1382 1599 1422 τοῦ
1622 1388 1774 1422 πονεῖν
1810 1384 1888 1424 179

110 1448 166 1491 τὰ
196 1447 305 1491 κακὰ
336 1449 409 1490 καὶ
442 1443 532 1490 ἀπὸ
565 1449 641 1503 τῆς
668 1449 770 1502 περὶ
793 1446 842 1490 τὸ
866 1451 994 1490 θεῖον
1016 1443 1273 1503 ὀλιγωρίας·
1305 1450 1674 1505 μετακινηθέντες
1694 1445 1777 1502 γὰρ

114 1511 237 1567 ἅπαξ
264 1517 341 1558 τοῦ
371 1515 537 1569 κόσμου
569 1517 646 1571 τῆς
676 1516 907 1564 πολιτείας
939 1513 1148 1571 ἐφέροντο
1181 1514 1295 1569 πρός
1315 1514 1364 1558 τὸ
1388 1511 1497 1556 καθ’
1523 1512 1684 1571 ἡδονὴν
1705 1515 1778 1556 καὶ

44 1593 82 1626 20
111 1584 323 1640 βούλησιν
356 1583 474 1625 ἰδίαν
503 1585 642 1636 βιοῦν,
675 1580 735 1633 ῶς
765 1584 837 1625 καὶ
868 1585 956 1624 τῶν
989 1581 1370 1638 ἐπιχωριαζόντων
1401 1581 1525 1637 παρὰ
1556 1591 1650 1631 τοῖς
1679 1586 1779 1624 Χα-

114 1655 314 1701 ναναίοις
356 1646 741 1704 ἀναπίμπλασθαι
781 1651 936 1692 κακῶν.
997 1645 1215 1705 ὀργίζεται
1254 1654 1400 1692 τοίνυν
1433 1646 1583 1699 αὐτοῖς
1613 1645 1634 1691 ὁ
1668 1647 1778 1698 θεὸς
1812 1653 1890 1694 180

113 1721 187 1762 καὶ
218 1717 270 1774 ’ἢν
303 1717 380 1760 σὺν
410 1717 569 1767 πόνοις
589 1721 764 1773 μυρίοις
787 1713 1068 1771 εὐδαιμονίαν
1092 1716 1340 1772 ἐκτήσαντο,
1372 1713 1533 1774 ταύτην
1556 1712 1782 1770 ἀπέβαλον

116 1785 191 1829 διὰ
222 1784 405 1842 τρυφήν.
456 1784 805 1841 στρατεύσαντος
834 1783 916 1841 γὰρ
948 1780 1023 1827 ἐπ’
1051 1780 1210 1834 αὖτοὺς
1230 1783 1566 1840 Χουσαρσάθου
1597 1785 1674 1825 τοῦ
1695 1785 1782 1825 τῶν

228 1933 249 1974 g
276 1933 338 1965 177
363 1946 406 1957 =
430 1929 587 1965 1uffi0.1
614 1932 668 1975 18,
690 1912 709 1965 i
734 1932 796 1973 343
822 1931 842 1973 g.
871 1931 934 1964 178
959 1945 1004 1967 =,
1026 1928 1149 1964 xvm
1176 1931 1212 1972 13
1237 1929 1259 1972 ξ
1287 1931 1349 1963 179
1382 1945 1422 1956 =
1445 1929 1561 1963 Iudie.
1586 1928 1641 1963 111
1665 1931 1698 1963 4.

229 2075 694 2112 ROMSPLELatZonaras
718 2076 737 2110 Ι
759 2087 795 2120 p.
823 2078 863 2110 83
873 2086 924 2120 sq.

235 2148 249 2178 1
277 2146 347 2189 τῆσ
371 2154 416 2178 ex
440 2139 623 2189 τὴνεοιϊ.
649 2143 682 2178 R
758 2145 1012 2184 *chvavaiod
1037 2144 1101 2191 xa}
1122 2148 1326 2188 χαναναῖοι
1350 2141 1415 2176 Ro
1485 2137 1785 2186 συνεποιήσαντο

118 2197 284 2244 δύναμιν]
309 2209 412 2233 suum
437 2198 662 2244 colleqmwmt
685 2199 884 2234 exercitum
909 2199 981 2233 Lat
1087 2192 1119 2232 ''2
1146 2194 1197 2240 ὡς
1221 2198 1270 2240 δὲ]
1297 2191 1395 2233 ὥστε
1419 2196 1558 2232 ROML
1673 2197 1692 2229 3
1719 2198 1787 2231 τοῦ

120 2266 187 2291 om.
212 2255 285 2290 ML
378 2255 531 2300 ποίησιν
554 2254 586 2288 L
681 2257 701 2288 4
725 2253 770 2290 τὸ
797 2265 865 2290 om.
884 2254 925 2289 M
1018 2247 1086 2290 οὖν
1109 2254 1455 2298 παρεσκευάζοντο]
1482 2248 1788 2296 συμπαρεσκευά-

120 2347 235 2390 ζοντο
258 2343 330 2378 ML
397 2346 416 2377 6
441 2338 675 2380 *ιῖσκαλῶνα
700 2343 764 2378 RO
837 2339 1039 2387 ΔἈκαρῶνα]
1065 2325 1248 2390 άῖαρῶνα
1273 2344 1306 2378 R
1330 2339 1538 2388 α’κκαρῶνα
1563 2341 1649 2377 OSP
1675 2336 1789 2378 οἷκκά-

122 2414 226 2449 ρωνα
252 2399 325 2434 ML
350 2395 418 2445 τὴν
441 2395 576 2446 α’καριῦ
600 2399 633 2433 Ε
657 2398 818 2434 acharon
841 2399 913 2435 Lat
1005 2402 1023 2434 8
1051 2395 1192 2446 ὀλίγων
1217 2399 1246 2435 O
1349 2395 1547 2445 ἐπιβατὸν]
1572 2395 1789 2445 ἐπιβάντων

119 2457 185 2493 RO
209 2455 399 2503 ἐπίβατον
422 2455 493 2489 ML
594 2458 613 2489 9
639 2455 677 2491 δὲ
702 2454 735 2489 Ε
843 2457 883 2489 10
907 2453 1119 2502 *μεσόγιον
1142 2456 1182 2491 Μ
1288 2458 1326 2490 11
1353 2456 1461 2501 *γῆν]
1487 2451 1553 2501 τὴν
1576 2457 1646 2501 γῆν
1668 2454 1789 2490 ROSP

235 2542 534 2590 *μετοικήσαντο
553 2544 634 2580 RO¹
658 2522 925 2592 μᾶξῗκήσαιντο
953 2544 1159 2580 cod.Busb.
1175 2544 1208 2579 E
1281 2546 1321 2578 12
1348 2541 1444 2591 ὅρου
1466 2544 1501 2579 R
1568 2542 1791 2587 ἐλάσσονος]

121 2598 320 2639 ἐλάσωνοσ
343 2601 386 2644 L,
412 2611 480 2635 om.
505 2601 578 2636 Lat
669 2603 710 2636 13
736 2597 892 2636 σιδόνοσ
916 2599 950 2634 R
1048 2596 1190 2648 ἡμέρας
1213 2603 1311 2645 μιᾶς]
1337 2601 1444 2635 trium
1468 2600 1606 2635 dierum
1629 2600 1702 2636 Lat

123 2654 418 2706 προ·ελθόντεσ
441 2657 464 2693 S
583 2659 624 2691 14
649 2652 776 2693 αὐτῶν
800 2657 903 2692 codd.
930 2656 963 2691 E
1069 2660 1109 2692 15
1135 2658 1333 2701 *κτίζουσι
1357 2656 1385 2690 Ρ
1484 2653 1577 2693 δανά
1602 2655 1792 2691 ROSPLE

123 2714 197 2749 dan
220 2714 294 2749 Lat
426 2715 466 2748 16
491 2713 688 2757 *φυλῆς-
704 2708 840 2754 αὐτῶν]
865 2723 914 2748 ecc
938 2723 1010 2758 quo
1042 2712 1124 2759 ipsa
1147 2713 1262 2748 tribus
1285 2712 1472 2759 appellata
1495 2711 1687 2747 uidebatur
1710 2711 1792 2755 Lat,

124 2769 187 2815 qui
210 2766 395 2816 ἐπωνύμῳ
419 2768 590 2804 habuisse
615 2768 689 2804 uid.
785 2772 824 2803 17
850 2769 874 2803 i.
899 2779 1011 2813 marg.
1036 2766 1070 2815 y'
1096 2768 1161 2804 Ro
1252 2771 1292 2803 18
1318 2763 1410 2809 ἀπὸ]
1435 2763 1509 2804 ὑπὸ
1536 2767 1589 2802 SP
1681 2780 1793 2812 μετα-

123 2825 352 2872 κινηθέντοσ
376 2824 406 2860 O
430 2824 512 2860 fort.
527 2827 626 2859 recte
734 2828 774 2860 19
799 2823 999 2871 ἐφέροντο]
1024 2822 1088 2870 ἐφ’
1114 2823 1250 2872 ἕτερον
1274 2820 1319 2860 τὸ
1344 2824 1384 2858 Μ
1489 2827 1528 2859 21
1557 2819 1794 2867 ἀναπιμπλᾶ-

126 2885 217 2918 σθαι
241 2881 302 2915 PL
373 2876 424 2917 *ὁ
453 2891 520 2916 om.
546 2880 586 2915 M
667 2883 709 2915 22
734 2876 780 2926 ἣν
804 2877 1019 2925 συμπόνοισ
1041 2880 1106 2915 RL
1188 2879 1389 2916 ἐκτίσαντο
1415 2879 1479 2915 RL
1551 2882 1593 2914 23
1619 2880 1794 2924 Χουσαρ-

127 2934 265 2978 σάθου]
287 2934 513 2983 χουσάρθου
536 2935 698 2972 MSPLE
725 2936 1046 2984 σουσαρσαθέμου
1067 2935 1092 2970 i.
1117 2946 1227 2981 marg.
1254 2935 1286 2970 L
1309 2934 1552 2972 chusasartko
1576 2935 1648 2970 Lat
