2170 3475
311 245 413 280 LXII
1042 237 1238 274 Praefatio.

310 373 393 402 non
425 355 559 400 ὁσίων
590 355 691 397 dant
721 353 795 395 sed
819 352 931 405 quod
962 351 1004 394 in
1025 352 1067 393 M
1099 356 1162 394 est
1186 354 1338 402 θείων,
1372 349 1562 394 ordinem
1584 356 1725 393 tamen
1747 352 1970 395 uerborum

312 441 405 470 eum
436 424 611 475 habent,
654 434 778 474 quem
810 418 894 461 ΒΟ.
955 419 1162 461 interdum
1201 419 1356 461 factum
1388 421 1471 471 est,
1502 423 1548 460 ut
1578 423 1777 473 excerpta
1797 419 1852 462 ab
1883 433 1967 462 om-

311 494 434 536 nibus
466 489 615 533 ceteris
637 488 812 530 testibus
837 486 1088 541 discrepent,
1119 487 1235 529 uelut
1260 487 1302 528 X
1330 490 1406 528 104
1427 499 1509 528 non
1530 487 1665 530 solum
1697 485 1969 543 ἐμαρτύρατο

310 559 478 602 tradunt
507 556 583 599 sed
612 556 774 598 auctius
805 553 947 610 ἔλεγεν
979 552 1248 609 ἓμαρτύρατό
1280 570 1341 596 τε.
1408 553 1618 607 quaedam
1649 559 1790 597 tamen
1821 554 1970 598 addita

311 632 424 679 sunt,
456 624 652 678 quoniam
685 628 973 678 excerptorum
1003 622 1110 664 ratio
1140 622 1405 677 postulabat,
1435 626 1481 663 ut
1510 622 1552 663 X
1585 623 1661 664 189
1692 623 1826 665 uerba
1856 621 1971 665 ἐκδι-

312 694 481 736 δάσκων
510 690 565 733 τὰ
595 691 836 733 Χαλδαίων
866 689 1113 745 γράμματα,
1145 694 1313 743 sumpta
1344 703 1395 732 ex
1426 690 1451 741 ἓ
1486 691 1585 741 1873
1621 703 1719 732 nam
1749 691 1804 732 ab
1833 692 1859 743 ξ
1895 693 1969 734 189

310 764 553 815 excerptum
589 759 757 814 incipit;
798 759 935 801 solent
973 763 1112 800 autem
1144 758 1291 800 horum
1323 762 1613 812 excerptorum
1644 758 1765 800 initia
1795 764 1837 800 et
1865 757 1971 801 fines

310 829 452 885 paullo
483 827 656 870 liberius
686 827 880 881 componi
911 830 953 868 et
984 826 1110 868 etiam
1140 825 1182 866 in
1217 825 1356 868 medio
1387 824 1596 868 interdum
1628 826 1663 867 si
1695 825 1797 879 quid
1828 838 1970 869 eorum

309 896 461 939 rationi
482 908 638 950 parum
668 894 944 937 conueniebat
983 894 1213 948 praeteriri.
1273 893 1377 935 talia
1419 893 1547 947 igitur
1578 897 1871 949 excerptorum
1903 906 1968 936 co—

312 964 393 1006 dici
423 962 669 1017 imputanda
699 975 781 1004 non
802 966 908 1004 sunt.
959 959 1035 1004 sed
1065 962 1108 1003 in
1140 962 1199 1003 eis
1230 974 1397 1015 quoque
1428 967 1493 1004 est
1512 961 1585 1003 ubi
1604 961 1798 1004 dubitare
1819 961 1968 1017 possis,

311 1033 425 1074 uelut
455 1031 535 1072 VII
557 1033 608 1071 95
640 1043 723 1072 non
760 1029 1027 1072 incommode
1059 1030 1276 1083 abessent,
1316 1042 1424 1082 quae
1464 1033 1684 1083 excerptor
1721 1030 1861 1072 omisit
1896 1030 1971 1085 τῆς

310 1103 523 1153 προνοίας
544 1123 598 1127 -
621 1095 1186 1163 ἐποιήσατοῇιὴὶήΙοωίηιιε
1218 1102 1503 1152 excerptorem
1534 1098 1671 1152 ipsum
1702 1111 1754 1140 ea
1782 1097 1972 1140 consulto

311 1167 501 1210 omisisse
531 1170 644 1220 puto.

424 1235 500 1276 His
526 1233 709 1288 adiungo
741 1234 995 1286 reliquorum
1028 1237 1317 1288 excerptorum
1350 1233 1617 1286 mentionem,
1647 1233 1758 1276 inter
1779 1246 1883 1288 quos
1905 1246 1973 1277 co·

311 1303 393 1345 dex
422 1302 730 1356 Neapolitanus
761 1314 889 1355 supra
917 1304 1171 1343 memoratus
1202 1301 1373 1355 Iosephi
1403 1315 1576 1356 operum
1618 1306 1760 1357 partes
1791 1302 1971 1345 selectas

312 1370 450 1424 tradit,
483 1383 590 1423 quae
621 1369 675 1411 ab
708 1369 917 1424 excerptis
940 1368 1297 1411 Constantinianis
1328 1382 1377 1411 eo
1408 1369 1620 1424 differunt,
1654 1369 1767 1423 quod
1799 1382 1851 1411 ex
1882 1370 1972 1413 solo

311 1439 491 1494 Iosepho
529 1442 696 1492 sumpta
735 1442 830 1480 sunt
861 1450 998 1490 neque
1037 1451 1089 1479 ex
1121 1436 1206 1479 alio
1238 1436 1470 1490 quidquam
1503 1437 1707 1491 scriptore
1736 1437 1972 1480 admixtum

313 1512 388 1550 est.
449 1519 577 1560 quare
612 1518 713 1548 casu
751 1506 904 1546 factum
946 1517 1038 1547 esse
1076 1504 1263 1558 uidetur,
1305 1503 1419 1559 quod
1458 1505 1589 1546 semel
1626 1505 1740 1548 idem
1772 1506 1887 1549 locus
1918 1505 1971 1547 is-

313 1575 408 1618 dem
438 1574 590 1616 finibus
622 1574 955 1628 circumscriptus
987 1572 1064 1624 (IV
1094 1576 1170 1614 140
1195 1587 1235 1626 p.
1259 1575 1353 1624 252,
1374 1575 1426 1614 26
1446 1596 1501 1602 —
1519 1574 1544 1625 ἓ
1572 1575 1648 1615 156
1674 1587 1713 1628 p.
1737 1576 1832 1628 256,
1857 1573 1901 1626 5)
1930 1573 1973 1616 in

313 1643 522 1697 excerptis
553 1642 830 1684 Peirescianis
861 1645 902 1683 et
932 1640 1226 1695 Neapolitanis
1257 1644 1386 1683 extat.
1447 1640 1612 1684 accedit
1642 1641 1754 1694 quod
1784 1641 1820 1684 is
1851 1641 1970 1694 liber,

314 1723 366 1753 ex
398 1723 478 1763 quo
509 1709 794 1764 Neapolitana
825 1708 1124 1763 profluxerunt,
1156 1708 1394 1751 simillimus
1425 1709 1502 1751 fuit
1532 1723 1613 1752 non
1646 1709 1860 1752 Marciano
1881 1709 1970 1762 (M),

314 1778 390 1820 sed
420 1778 700 1820 Laurentiano
732 1777 836 1831 plut.
860 1780 925 1830 69,
947 1780 997 1816 24)
1021 1776 1093 1829 (L)
1115 1782 1156 1818 et
1177 1776 1381 1819 Vaticano
1409 1779 1483 1817 147
1510 1777 1598 1830 (V),
1628 1791 1653 1818 a
1684 1777 1836 1831 quibus
1867 1777 1970 1819 nihil

314 1847 402 1888 fere
423 1845 563 1887 differt
594 1845 674 1886 nisi
703 1845 823 1886 nouis
855 1849 895 1886 et
927 1845 1171 1899 corruptelis
1202 1849 1244 1888 et
1273 1845 1648 1899 interpolamentis.
1669 1847 1698 1896 ¹)
1750 1857 1845 1885 nam
1868 1845 1972 1887 satis

314 1914 447 1956 multa
477 1927 529 1956 ex
561 1914 620 1956 eis
651 1915 779 1956 habui
802 1913 1015 1967 exscripta
1035 1914 1089 1956 ab
1111 1914 1300 1967 Augusto
1323 1914 1433 1966 Mau,
1466 1926 1544 1954 nec
1575 1913 1798 1967 quiequam
1830 1913 1971 1955 inueni

315 1982 427 2035 quod
467 1982 641 2024 alieuius
681 1982 872 2024 utilitatis
912 1982 985 2035 sit,
1026 1995 1155 2034 quare
1197 1981 1238 2022 in
1269 1986 1476 2036 apparatu
1509 1981 1651 2023 critico
1684 1979 1971 2035 componendo

313 2050 597 2103 Neapolitana
626 2050 834 2104 praeterii.
895 2063 970 2091 nec
1001 2050 1131 2104 pluris
1162 2049 1355 2091 facienda
1385 2054 1481 2091 sunt
1511 2054 1711 2103 excerpta
1740 2048 1782 2090 in
1813 2047 1972 2091 codicis

313 2117 686 2171 Heidelbergensis
716 2131 776 2171 gr.
808 2131 872 2160 no.
912 2120 984 2157 129
1017 2117 1126 2159 soliis
1159 2117 1342 2169 quinque
1388 2119 1476 2170 132,
1517 2119 1602 2169 133,
1639 2120 1728 2169 135,
1764 2119 1856 2168 136,
1892 2118 1966 2157 137

313 2189 500 2239 reperta,
541 2199 648 2239 quae
687 2199 738 2227 ex
771 2186 978 2239 epitomae
1017 2185 1161 2228 codice
1191 2190 1380 2239 sumptas
1417 2197 1509 2227 esse
1541 2185 1730 2236 cognoui.
1791 2183 1973 2237 denique

316 2254 369 2296 de
409 2254 564 2296 codicis
595 2253 842 2296 Barocciani
882 2254 1090 2307 excerptis
1125 2253 1227 2295 nihil
1261 2253 1465 2307 comperi,
1505 2266 1633 2306 quare
1664 2265 1772 2294 nunc
1803 2252 1972 2306 quidem

315 2334 451 2374 neque
484 2334 592 2374 quae
615 2321 842 2363 exhibeant
872 2334 946 2363 nee
980 2322 1121 2373 quanti
1153 2321 1234 2362 sint
1265 2320 1462 2363 facienda
1493 2321 1632 2363 dicere
1665 2333 1848 2375 possum.

427 2389 547 2431 Nunc
578 2389 631 2431 de
663 2389 722 2432 eis
744 2388 957 2431 codicibus
979 2389 1261 2442 subsidiisque
1282 2401 1417 2443 pauca
1438 2389 1587 2442 dicam,
1621 2401 1795 2441 quorum
1827 2388 1868 2430 in
1900 2400 1972 2441 ap-

316 2461 465 2511 paratu
505 2457 648 2500 critico
687 2457 890 2499 rationem
932 2457 1058 2498 habui
1099 2458 1283 2511 nullam,
1330 2471 1423 2500 cum
1470 2457 1540 2499 uix
1578 2455 1705 2510 digna
1736 2455 1970 2510 uideantur,

316 2527 466 2580 quibus
497 2525 627 2568 editio
658 2539 735 2568 sua
766 2526 875 2567 mole
907 2530 971 2565 sat
1003 2526 1145 2578 grauis
1177 2530 1381 2568 oneretur.
1431 2539 1481 2567 ac
1508 2525 1687 2580 primum
1719 2524 1969 2566 Vaticanum

321 2598 425 2637 1304
458 2594 640 2647 nomino,
674 2594 743 2647 qui
775 2607 868 2635 cum
891 2593 956 2635 SP
988 2598 1029 2634 ct
1059 2594 1242 2635 maximo
1266 2607 1357 2635 cum
1382 2594 1414 2635 P
1435 2599 1518 2634 tam
1542 2598 1656 2635 arcte
1688 2593 1895 2645 cohaeret,
1928 2595 1972 2632 ut

317 2663 387 2716 qui
414 2663 490 2705 hos
521 2663 651 2705 habet
681 2664 797 2704 illum
831 2674 997 2714 quoque
1020 2660 1175 2702 habere
1199 2661 1445 2713 uideatur-12)
1495 2661 1536 2702 id
1560 2659 1671 2714 quod
1694 2673 1774 2702 non
1797 2659 1855 2701 ita
1877 2658 1970 2701 dico

435 2847 463 2878 1)
491 2854 598 2877 unum
623 2843 823 2887 exemplum
849 2841 954 2876 attuli
980 2840 1027 2873 IV
1054 2843 1093 2873 (δῖ
1122 2851 1156 2884 p.
1173 2843 1248 2881 2123,
1268 2843 1317 2872 is.

433 2906 464 2941 2)
489 2901 580 2945 quod
608 2905 647 2934 nt
672 2900 798 2933 melius
823 2898 1050 2942 intellegatur
1067 2896 1329 2940 discrepantias
1350 2895 1515 2929 Vaticani
1542 2906 1584 2929 ne
1609 2905 1687 2929 ineu
1713 2894 1869 2929 editione
1887 2893 1970 2928 VIII

319 2962 339 3002 ξ
366 2961 538 2993 itt—110
564 2957 737 3001 descripsi
779 2956 950 2990 asterisco
976 2954 1142 2999 apposito
1160 2954 1210 2987 cis
1229 2963 1319 2996 quae
1345 2952 1379 2985 in
1398 2951 1451 2986 Sl*
1474 2952 1645 2985 ainbobus
1665 2951 1824 2986 alteroue
1849 2960 1971 2985 corum

319 3016 423 3051 aliter
445 3015 626 3048 feruntur:
654 3024 686 3057 p.
703 3016 778 3055 207,
798 3016 827 3047 ll
847 3013 1025 3057 ‚ns-'eraesrrce
1049 3011 1084 3044 «si.
1112 3008 1253 3045 ros-nm·
1322 3012 1329 3042 1
1348 3011 1356 3041 i
1373 3006 1432 3053 ism,
1451 3005 1500 3052 ιγ’
1567 3011 1602 3041 15·
1632 3012 1642 3025 ‘
1663 3004 1971 3052 τιἰ1τὶ,ι·(τι“ιι·81’)
