2160 3439
349 181 428 218 160
855 170 1017 214 ANTIQ.
1041 170 1139 206 IUD.
1163 170 1217 205 111
1241 171 1348 204 7—11
1374 169 1445 210 (12.
1461 168 1494 210 3)

349 290 672 350 ποιησάμενος,
713 285 870 329 ἔπειτα
899 284 1058 339 μεθεὶς
1102 282 1165 333 εἷς
1194 281 1243 326 τὸ
1277 283 1418 340 φρέαρ
1458 278 1619 322 ἔπειθε
1656 273 1759 325 τοὺς
1783 271 2007 329 Ἑβραίους

347 359 424 404 τὸν
453 356 564 401 θεὸν
597 354 785 411 ἐπήκοον
817 348 950 396 αὐτοῦ
979 354 1066 394 τῶν
1107 346 1240 404 εὐχῶν
1277 351 1499 406 γεγονέναι
1536 346 1608 388 καὶ
1639 340 1926 399 ὑπεσχῆσθαι
1954 338 2004 383 τὸ

349 423 466 482 ὕδωρ
509 419 658 473 αὐτοῖς
695 420 903 476 παρέξειν
941 418 1036 463 οἷον
1067 418 1384 472 ἐπιθυμοῦσιν,
1424 409 1476 458 ἂν
1514 411 1629 470 πρὸς
1666 409 1722 453 τὰ
1756 404 1836 452 ὑπ’
1874 404 2008 451 αὐτοῦ

312 492 610 547 8κελευόμενα
639 489 697 547 μὴ
731 485 924 547 ὀκνηρῶς
955 483 1067 530 ἀλλὰ
1099 481 1347 542 προθύμως
1376 481 1670 538 ὑπουργῶσιν.
1724 477 1942 534 ἐρομένων
1963 470 2003 518 δ’

353 558 507 610 αὐτῶν,
537 563 583 602 τί
610 560 685 602 καὶ
714 556 962 601 ποιούντων
995 548 1046 598 ἂν
1083 552 1328 609 μεταβάλοι
1365 549 1414 594 τὸ
1446 545 1563 605 ὕδωρ
1604 547 1680 590 ἐπὶ
1710 544 1759 589 τὸ
1801 553 2010 601 κρεῖττον,

350 628 515 673 κελεύει
543 625 647 677 τοὺς
677 625 721 669 έν
753 621 866 681 ἀκμῇ
895 622 1191 680 περιστάντας
1213 619 1431 672 ἐξαντλεῖν
1463 618 1598 673 λέγων
1626 614 1676 657 τὸ
1708 610 2011 666 ὑπολειπόμε-

353 715 427 742 νον
457 696 646 740 ἔσεσθαι
682 693 874 748 πότιμον
913 687 1062 741 αὐτοῖς
1099 689 1508 746 προεκκενωθέντος
1544 685 1621 726 τοῦ
1660 682 1879 731 πλείονος.
1938 678 2013 721 καὶ

355 767 398 810 οἱ
428 765 507 821 μὲν
538 762 740 815 ἐπόνουν,
770 760 819 804 τὸ
853 756 893 803 δ’
918 757 1008 802 ὑπὸ
1040 760 1128 801 τῶν
1150 758 1338 811 συνεχῶν
1359 755 1537 811 πληγῶν
1563 751 1911 808 γεγυμνασμένον
1939 747 2014 789 καὶ

354 834 684 888 κεκαθαρμένον
712 826 795 887 ἤδη
826 828 1020 883 πότιμον
1049 818 1114 883 ἧν.

312 909 336 950 9
470 905 506 946 3.
547 897 753 955 Ἄραντες
792 892 832 939 δ’
860 895 1031 939 ἐκεῖθεν
1070 893 1133 945 εἷς
1164 884 1290 937 Ἦλιν
1331 886 1620 948 ἀφικνοῦνται
1657 879 1898 940 πόρρωθεν
1936 880 2015 936 μὲν

360 967 536 1028 ἀγαθὴν
567 966 804 1024 ὁραθῆναι,
835 965 908 1007 καὶ
938 963 1020 1020 γὰρ
1053 960 1370 1020 φοινικόφυτος
1390 949 1455 1015 ἦν,
1486 952 1791 1012 πλησιάζουσα
1821 946 1863 993 δ’
1899 945 2018 1007 ἀπη-

360 1041 530 1096 λέγχετο
562 1030 757 1092 πονηρά·
788 1035 862 1076 καὶ
892 1031 974 1088 γὰρ
996 1032 1040 1075 οἱ
1061 1034 1257 1088 φοίνικες
1288 1024 1410 1076 ὄντες
1440 1019 1489 1068 οὗ
1511 1023 1692 1071 πλείους
1723 1017 2018 1075 ἑβδομήκοντα

361 1105 589 1157 δυσαυξεῖς
618 1120 666 1146 τε
684 1093 797 1159 ἦσαν
818 1102 891 1144 καὶ
908 1098 1173 1155 χαμαίζηλοι
1204 1092 1261 1140 δι’
1284 1090 1443 1144 ῧδατος
1475 1087 1668 1145 ἀπορίαν
1696 1088 1913 1144 ψαφαροῦ
1941 1086 2019 1128 τοῦ

296 1183 346 1222 10
361 1173 530 1225 παντὸς
561 1169 687 1222 ὄντος
713 1174 898 1225 χωρίου·
939 1164 1039 1211 οὕτε
1074 1166 1157 1223 γὰρ
1189 1164 1233 1208 ἐκ
1260 1165 1348 1206 τῶν
1379 1162 1531 1218 πηγῶν
1570 1157 1738 1200 δώδεκα
1770 1149 1912 1198 οὐσῶν
1942 1151 2020 1196 τὸν

363 1239 559 1300 ἀριθμὸν
581 1238 758 1296 νοτερόν
778 1255 822 1281 τι
843 1235 1147 1293 προσαρδεῦον
1179 1229 1328 1282 αὐτοῖς
1360 1225 1418 1273 δι’
1447 1226 1619 1289 ἐλπίδα,
1643 1222 1871 1280 χρήσιμον,
1909 1216 2021 1264 ἀλλὰ
2071 1231 2086 1240 ·

362 1311 419 1369 μὴ
463 1311 713 1364 δυναμένων
753 1305 958 1361 ἐκβλύσαι
996 1299 1100 1362 μηδ’
1137 1301 1340 1355 ἀνασχεῖν
1381 1296 1558 1352 ἰκμάδες
1592 1291 1705 1350 ἦσαν
1744 1285 1911 1346 ὀλίγαι,
1949 1289 2024 1331 καὶ

364 1381 661 1434 διαμωμένοις
691 1374 769 1432 τὴν
801 1373 986 1430 ψάμμον
1008 1368 1133 1415 οὐδὲν
1155 1366 1344 1427 ἀπήντα,
1375 1359 1454 1409 κάν
1477 1364 1518 1408 εἴ
1536 1380 1581 1406 τι
1610 1360 1657 1403 δὲ
1679 1356 1835 1409 στάζον
1866 1355 2024 1411 ἔλαβον

301 1457 346 1496 11
370 1448 432 1499 εἷς
459 1456 621 1502 χεῖρας,
653 1441 867 1500 ἄχρηστον
897 1435 1101 1499 ηῧρισκον
1131 1436 1218 1481 ὕπὸ
1250 1438 1328 1480 τοῦ
1371 1431 1563 1489 θολερὸν
1595 1426 1728 1472 εἶναι·
1777 1422 1948 1481 καρπόν
1976 1438 2026 1465 τε

367 1519 516 1574 φέρειν
546 1505 598 1571 ἧν
630 1509 798 1567 ἀσθενῆ
829 1508 883 1552 τὰ
924 1508 1081 1565 δένδρα
1119 1505 1193 1550 διὰ
1224 1504 1388 1548 σπάνιν
1417 1505 1494 1558 τῆς
1532 1499 1579 1550 ἐξ
1613 1492 1773 1544 ὕδατος
1805 1491 1867 1543 εἰς
1895 1492 2025 1535 τοῦτο

369 1581 574 1642 ἀφορμῆς
603 1582 677 1624 καὶ
707 1576 1040 1636 παρακλήσεως.
1101 1573 1215 1629 εἶχον
1247 1563 1322 1616 οὖν
1352 1572 1396 1616 ἐν
1429 1570 1551 1626 αἰτίᾳ
1580 1564 1657 1609 τὸν
1688 1558 1930 1618 στρατηγὸν
1950 1559 2025 1602 καὶ

367 1650 589 1706 κατεβόων
630 1645 764 1692 αὐτοῦ
801 1645 879 1703 τὴν
918 1646 1228 1698 ταλαιπωρίαν
1267 1642 1339 1684 καὶ
1377 1639 1456 1697 τὴν
1486 1645 1646 1692 πεῖραν
1675 1632 1762 1674 τῶν
1793 1630 1934 1672 κακῶν
1965 1622 2022 1671 δι’

370 1716 504 1764 αὐτὸν
534 1717 720 1771 πάσχειν
753 1717 967 1771 λέγοντες·
1007 1709 1269 1770 τριακοστὴν
1299 1708 1382 1766 γὰρ
1414 1708 1578 1766 ἐκείνην
1609 1702 1835 1751 ὁδεύοντες
1863 1693 2028 1754 ἡμέραν

485 1856 505 1898 ξ
533 1857 549 1888 7
576 1871 617 1884 --
644 1852 794 1888 Exodus
817 1849 884 1885 XV
909 1851 964 1884 25.

485 1987 949 2026 ROMSPLELatZonaras
974 1984 991 2019 I
1014 1996 1050 2030 p.
1077 1986 1130 2017 60.

491 2062 505 2094 1
533 2055 703 2099 *ε’πειθε]
729 2053 856 2093 ἔπειθέ
882 2067 921 2091 τε
947 2053 978 2088 L
1082 2054 1101 2086 2
1127 2045 1256 2092 αύτοῦ]
1282 2045 1360 2086 ἀπὸ
1386 2049 1491 2084 ROM
1516 2043 1620 2097 αὐτῷ
1643 2048 1736 2084 coni.
1829 2046 1899 2093 τὴσ
1923 2041 2034 2092 εύχῆσ

373 2116 447 2153 ΜΕ
538 2111 785 2161 ὓπεσχεῖσθαι
809 2112 843 2147 R
935 2113 954 2143 3
979 2103 1146 2150 *αὖτοῖς1
1172 2103 1341 2143 αύτὸνΜ
1441 2102 1489 2142 ι’ἱν
1513 2115 1580 2140 om.
1606 2105 1645 2140 M
1737 2108 1758 2139 4
1781 2099 2036 2150 ὖπουργοῦσιν

375 2175 415 2210 Μ
513 2171 716 2219 ἐρωμένων
740 2170 778 2204 Μ
871 2162 905 2203 δ’
932 2178 997 2202 om.
1023 2165 1057 2200 R
1157 2167 1174 2198 5
1199 2161 1421 2210 μεταβάλοι]
1444 2159 1700 2209 μεταβάλοιτο
1726 2161 1811 2197 SPL
1903 2158 1965 2196 ἐπὶ
1989 2155 2034 2196 τὸ
2095 2181 2105 2189 -

375 2237 552 2279 κρεῖττον
575 2239 643 2264 om.
670 2226 788 2272 spatio
813 2235 930 2260 uacuo
957 2228 975 2258 3
1001 2223 1070 2258 litt.
1091 2220 1218 2256 relicto
1236 2220 1274 2255 M
1367 2221 1386 2252 6
1411 2216 1672 2265 περιστάντας]
1698 2213 1883 2263 περιστὰσ
1907 2215 1946 2251 Μ

377 2293 394 2323 7
421 2283 812 2334 προσεκκενωθέντοσ
835 2281 898 2316 RO
991 2282 1010 2314 S
1037 2274 1241 2318 *ἐπόνοι-ν]
1266 2276 1507 2311 (nudauerant
1532 2276 1665 2310 dictum
1691 2275 1761 2310 Lat
1851 2273 1919 2310 *δὲ
1942 2272 2037 2308 Μ8Ρ

489 2343 669 2389 *πληγῶν
693 2352 727 2375 n.
753 2342 773 2374 9
798 2341 882 2385 post
904 2334 1194 2393 κεκαθαρμένοχ
1217 2336 1261 2368 tr.
1277 2332 1306 2368 Ο
1387 2331 1701 2379 *γεγυμνωμένον
1723 2330 1788 2366 RO
1868 2333 1907 2366 10
1925 2323 2037 2371 ἵΗλιν]

378 2411 459 2459 ἦλιν
482 2412 516 2447 R
539 2405 621 2457 ἦλιν
645 2409 710 2444 ΟΕ
739 2397 819 2444 ’ἰλὺν
835 2417 926 2442 corr.
941 2416 985 2440 ex
1004 2406 1082 2450 ηλιν
1099 2402 1137 2437 Μ
1161 2405 1249 2448 ὕλην
1272 2401 1302 2436 L
1327 2401 1407 2435 clim
1433 2401 1503 2436 Lat
1621 2403 1658 2435 11
1685 2394 1929 2445 πλησιάζουσι
1953 2397 2036 2433 Vat.

379 2470 478 2516 apud
502 2468 654 2503 Hudson
758 2464 795 2501 δὲ
821 2462 940 2498 ROSP
1060 2462 1098 2494 12
1124 2457 1395 2506 ἑβδομήκοντα]
1423 2455 1453 2493 ο’
1481 2457 1568 2492 SPE
1653 2459 1691 2491 13
1717 2459 1769 2497 τε]
1792 2454 1861 2499 μὲν
1885 2453 1949 2488 Ro

381 2525 608 2573 *χαμέζηλοι
634 2522 703 2558 S¹P
776 2523 815 2556 15
843 2515 1058 2565 νοτερόν-
1070 2513 1266 2562 χρήσιμον]
1294 2514 1483 2549 umectale'o
1501 2513 1677 2558 quaedam
1699 2517 1761 2547 aut
1785 2511 1835 2546 ad
1848 2510 2041 2558 riqandum

381 2595 463 2630 spes
489 2582 587 2616 utilis
611 2579 809 2614 habebatur
834 2576 905 2611 Lat
1003 2576 1078 2615 *τι]
1104 2573 1140 2608 δὲ
1166 2572 1194 2607 Ρ
1297 2573 1572 2617 προσαρόεῦοι]
1596 2571 1658 2605 καὶ
1685 2565 1787 2613 πρὸσ
1812 2563 1981 2615 ἀρδεύειν
2003 2567 2042 2602 Μ

382 2643 444 2677 καὶ
469 2635 572 2684 πρὸσ
597 2635 772 2684 ἄρδευσιν
795 2633 916 2670 SPLE
998 2626 1062 2672 δι’]
1087 2632 1129 2675 ὃν]
1154 2629 1206 2663 ΜΙ
1278 2623 1327 2663 δι’
1352 2626 1493 2667 ἐλπίδα]
1519 2623 1670 2669 διεπήδα
1696 2625 1856 2661 Dindorf
1875 2621 1932 2662 διὰ
1957 2621 2043 2662 κάλ·

384 2700 490 2738 πιδος
513 2695 635 2730 Naber
738 2688 846 2732 α’λλὰ]
873 2686 976 2727 ἄλλο.
1002 2701 1022 2723 0
1049 2696 1141 2722 corr.
1166 2696 1210 2721 ex
1235 2682 1256 2721 ἀ
1285 2686 1307 2719 S
1422 2687 1460 2719 w
1484 2680 1545 2729 μὴ]
1570 2680 1660 2729 μηδὲ
1687 2682 1710 2717 S
1812 2675 1945 2728 *ἧσαν1
1969 2678 2044 2728 γὰρ

384 2748 481 2800 ἦσαν
504 2751 558 2786 SP
677 2754 712 2785 17
739 2746 1004 2793 *διαμωμένησ
1029 2744 1068 2779 Μ
1189 2738 1262 2778 κᾶν
1286 2739 1325 2776 εἶ’
1342 2744 1385 2781 τι]
1410 2737 1482 2776 κιῖι·
1507 2734 1576 2779 Hm.
1603 2734 1627 2775 δ’
1650 2739 1672 2774 i.
1698 2749 1769 2774 ras.
1794 2738 1833 2773 M
1857 2735 1930 2774 κᾶν
1954 2751 1985 2774 τι
2012 2736 2044 2771 Ε

498 2809 564 2845 *δὲ
590 2804 743 2851 στάζον]
769 2805 806 2841 δὲ
831 2800 1048 2847 στασιάζον,
1073 2800 1136 2837 ὲστ
1159 2799 1196 2834 in
1221 2808 1292 2832 ras.
1319 2807 1410 2832 corr.
1438 2796 1511 2831 uid.
1538 2808 1581 2831 cx
1608 2816 1615 2822 ·
1636 2809 1681 2831 -σ
1705 2795 1743 2830 Μ
1877 2796 1918 2829 18
1943 2791 2045 2839 ἄχρι-

387 2879 480 2902 στον
505 2865 537 2900 Ε
641 2858 816 2910 εὕρισκον
839 2860 944 2896 MLE
969 2855 1164 2905 εὑρίσκετο
1190 2854 1244 2890 SP
1363 2857 1401 2887 ¹¹.)
1426 2851 1690 2898 ‹meh-quSffss
1807 2845 1955 2887 rofit'L

592 2952 598 2962 1
619 2933 649 2953 (ι)
733 2949 740 2960 ,
795 2950 801 2961 ,
888 2948 895 2959 ,
1180 2942 1188 2955 ,
1225 2945 1231 2952 ,
1305 2941 1311 2953 ,
1368 2944 1375 2952 ,
1648 2943 1656 2952 ,
1710 2944 1716 2955 ¹

390 2961 427 2991 21
457 2962 671 3002 κατεβουιϊ
695 2966 836 2989 ιιι-τουσ-
862 2965 927 2997 τι,ν
953 2951 982 2985 L
1075 2951 1117 2983 22
1143 2959 1271 2987 αυτυν,
1298 2958 1343 2981 m·
1367 2956 1390 2979 ι.
1417 2955 1486 2978 ras·
1515 2943 1545 2977 R
1637 2956 1782 2988 ι-χειιην
1807 2952 1873 2975 om.
1901 2940 1938 2975 M
