2060 3475
757 217 952 253 I’racfatIO.
1604 214 1689 248 XIII

21 350 166 391 margo
207 334 518 378 adnotamentis
557 331 685 375 uariis
726 336 895 374 ornatus
934 335 1018 383 cst,
1059 343 1233 383 quarum
1278 340 1386 382 quae
1417 329 1595 371 lectores
1627 341 1687 369 re-

21 404 216 448 centioris
247 402 343 445 aeui
375 401 546 443 chartae
577 400 798 442 illuserunt
829 398 997 451 omitto;
1031 398 1165 450 inagis
1191 401 1422 439 memoratu
1445 395 1574 448 digna
1595 399 1691 436 sunt

22 485 85 525 ea,
117 483 225 523 quae
255 469 316 511 ita
345 469 502 523 scripta
532 471 639 520 sunt,
672 471 717 509 ut
746 467 800 507 ab
833 466 1004 508 librario
1036 478 1119 506 una
1150 478 1243 507 011111
1267 464 1434 518 losephi
1466 462 1606 505 uerbis
1638 475 1691 504 ex

22 537 167 581 codice
197 537 428 590 archetypo
460 534 712 588 transcripta
742 546 834 576 esse
856 537 1072 587 appareat,
1105 532 1352 586 plerumque
1375 531 1524 572 litteris
1548 530 1690 584 paullo

22 603 359 659 diligentioribus
390 607 431 646 ct
461 601 703 644 maiusculis
736 606 924 652 exarata,
963 599 1159 652 qualibus
1190 597 1353 639 scholia
1383 598 1510 639 scribi
1542 598 1690 639 solent.

22 685 72 714 ac
94 671 236 714 uariae
265 671 466 714 lectiones
497 683 590 712 raro
622 673 780 721 extant,
814 681 922 721 quac
954 679 1097 708 omncs
1129 666 1169 706 in
1192 668 1400 717 apparatu
1433 664 1574 706 critico
1607 677 1692 705 me-

22 739 307 781 morabuntur.
368 738 489 792 plura
519 741 614 779 sunt
646 737 1040 788 interpretamenta:
1072 732 1187 774 uelut
1218 732 1252 773 V
1286 735 1362 772 loo
1395 730 1450 772 ad
1482 732 1693 785 προλοχί-

24 805 170 856 ζουσιν
208 805 478 848 adnotatum:
525 798 702 845 ἆντιτοῖ»
741 799 1144 856 ιτροενεὸρεύοισιν.
1214 798 1330 840 aliud
1370 799 1692 853 grammaticum

21 873 154 927 sapit:
194 874 418 925 πανταχοῦ
451 886 629 928 ([καρσοσ
665 868 774 924 μετὰ
811 871 889 910 τοῦ
921 869 945 910 ὃ
980 865 1121 922 γράφε
1153 865 1208 908 3(1
1238 866 1299 907 III
1329 866 1354 917 ἓ
1390 867 1466 906 126
1497 866 1692 920 positum,

24 939 137 992 quod
168 939 294 982 etiam
326 940 368 982 in
391 939 535 982 codice
556 940 590 980 L
613 942 741 980 extat.
792 937 879 979 alia
900 947 1042 978 sacros
1070 934 1200 976 libros
1222 933 1400 976 collatos
1422 946 1515 976 esse
1538 937 1691 976 testan-

22 1010 110 1060 tur,
148 1007 265 1049 uelut
303 1007 416 1060 quod
447 1006 503 1049 ad
533 1007 573 1048 II
606 1009 680 1047 ‘201
717 1004 976 1058 adscriptum
1008 1006 1072 1045 est
1101 1001 1231 1043 τέλοσ
1261 1002 1476 1055 γενέσεωσ
1508 996 1609 1057 ἄρχῃ
1649 1001 1693 1043 ὁὲ

22 1075 104 1129 τῆσ
127 1072 292 1123 ἐξόδου.
343 1073 398 1116 ad
420 1074 476 1116 VI
499 1077 578 1114 242
601 1073 825 1115 habemus:
859 1069 1003 1112 ἰστέον
1035 1063 1105 1111 ὅτι
1136 1065 1159 1123 ἡ
1193 1068 1272 1121 μὲν
1294 1067 1468 1111 παλαιὰ
1492 1063 1695 1122 ἆχιμὲλεχ

23 1141 158 1196 λέγει·
190 1139 239 1183 τὸ
274 1140 320 1182 δὲ
354 1139 613 1195 ψαλτήριον.
675 1134 935 1192 ἆβιμέλεχ.ῐ)
993 1135 1042 1178 τὸ
1079 1135 1124 1177 ὸὲ
1165 1131 1414 1190 εὐαγγέλιον
1430 1137 1464 1189 2)
1495 1131 1694 1189 ἆβιάθα-

23 1224 121 1263 ρον;
153 1223 215 1249 κ.
267 1213 308 1250 et
329 1208 437 1250 infra
466 1205 522 1248 ad
545 1206 623 1248 VII
645 1208 686 1247 6:
723 1204 925 1262 ζητητέον
957 1203 995 1246 εἰ
1025 1205 1098 1258 (ex
1124 1198 1142 1260 ἦ
1174 1204 1298 1257 0011.)
1330 1201 1501 1255 ἔχοι-σιν
1523 1203 1695 1259 ἑβραῖοι

21 1274 71 1317 τὸ
111 1276 306 1329 βιβλίοη
345 1287 443 1316 113111
481 1273 667 1326 loquitur
696 1273 902 1327 Iosephus
945 1272 998 1315 de
1038 1271 1294 1314 carminibus
1326 1270 1543 1324 Dauidae,
1585 1285 1694 1324 quae

21 1343 65 1384 in
96 1343 226 1385 sacris
262 1355 346 1385 non
386 1344 542 1384 extant.
602 1345 816 1395 postremo
856 1343 1112 1382 memoratur
1151 1338 1263 1391 quod
1295 1338 1349 1380 ad
1381 1339 1480 1380 VIII
1512 1343 1694 1393 4055qq.

22 1409 246 1452 habemus:
287 1422 339 1464 ση
373 1402 441 1449 ὅτι
475 1409 669 1462 παρῆκεν
706 1404 728 1449 0‘
763 1416 971 1463 ϊωσηγῑοσ
1003 1404 1080 1461 τὴν
1112 1407 1295 1460 περιτοῦ
1328 1404 1585 1458 ι’ῑνεύματοσ
1614 1409 1697 1462 τῆσ

22 1475 199 1533 πλάνησ
239 1473 438 1531 διήγησιν
481 1473 529 1529 ἢν
568 1471 590 1516 ὁ
633 1473 874 1530 προφήτησ
912 1477 1108 1530 μηχαίασ
1149 1468 1411 1527 ἀπήγγειλεν
1442 1471 1519 1515 τὸν
1552 1469 1697 1527 ἀχαὰβ

973 1554 984 1574 L

21 1586 100 1644 τὴν
130 1589 218 1629 τῶν
249 1586 638 1642 ψευδοπροφητῶν
679 1581 812 1628 αἰτοῦ
851 1554 1106 1639 θριαμβεύων
1153 1580 1344 1640 ἀπάτην.
1407 1585 1585 1627 contulit
1615 1586 1696 1640 pri-

23 1669 136 1697 mum
167 1655 331 1707 Bosius,
365 1653 519 1696 deinde
549 1667 629 1708 ego
660 1653 890 1705 Gottingae
920 1666 1030 1695 anno
1068 1654 1187 1694 1876.

140 1725 176 1764 5.
210 1721 258 1763 P.
302 1721 437 1764 codex
470 1721 686 1763 Parisinus
716 1733 777 1774 gr.
807 1734 873 1763 no.
902 1723 1030 1775 1419,
1070 1720 1267 1762 foliorum
1306 1720 1387 1759 295
1428 1719 1597 1762 saeculo
1637 1720 1699 1761 XI

24 1789 277 1832 nitidissime
307 1789 486 1842 scriptus
517 1800 812 1843 pergamenus,
847 1787 982 1830 codici
1019 1786 1220 1830 Sambuci
1249 1789 1390 1828 aetate
1423 1790 1464 1828 et
1493 1786 1627 1829 forma
1659 1790 1700 1828 et

25 1855 167 1899 indole
197 1868 375 1910 suppar,
417 1855 602 1898 eontinet
632 1855 762 1898 libros
802 1854 1103 1907 antiquitatum
1133 1854 1273 1895 I—X
1302 1853 1504 1906 integros.
1563 1854 1699 1896 solum

26 1923 98 1966 fol.
128 1923 323 1978 primum,
355 1922 399 1964 in
420 1935 502 1975 quo
533 1923 630 1964 libri
651 1922 779 1977 primi
799 1926 1050 1976 argumenta
1077 1921 1255 1975 inerant,
1288 1921 1456 1963 interiit.
1507 1921 1576 1964 hic
1598 1934 1698 1974 quo-

28 2003 111 2044 que
150 1989 285 2033 codex
325 1990 593 2032 correctrices
633 2003 780 2032 manus
818 2002 971 2045 passus
1015 1993 1078 2032 est
1123 1989 1308 2031 maxime
1347 1987 1476 2041 duas,
1522 1990 1700 2033 alteram

28 2058 193 2101 scribae
222 2056 356 2112 ipsius
385 2061 459 2099 aut
488 2057 680 2110 aequalis
714 2057 785 2109 (m.
809 2056 860 2110 1),
892 2057 1071 2099 alteram
1102 2055 1378 2099 recentiorem
1400 2057 1472 2108 (m.
1496 2057 1553 2109 2).
1595 2057 1701 2100 haec

28 2138 179 2169 manus
213 2124 422 2167 recentior
458 2123 624 2166 addidit
660 2124 749 2166 iota
786 2127 947 2166 mutum
986 2136 1012 2165 a
1043 2123 1182 2166 scriba
1212 2124 1462 2178 plerumque
1499 2123 1700 2166 omissum

28 2191 240 2235 interdum
268 2191 390 2235 falso.
450 2191 635 2245 denique
665 2205 815 2234 manus
845 2191 1006 2234 saeculi
1036 2191 1124 2233 fere
1145 2191 1226 2233 XV
1255 2195 1329 2233 aut
1358 2191 1459 2232 XVI
1491 2191 1700 2243 quaedam

30 2274 114 2303 non
143 2260 275 2301 multa
305 2259 498 2302 correxit.
558 2263 604 2301 ut
634 2259 677 2300 in
707 2259 852 2302 codice
886 2257 1099 2311 Sambuci,
1131 2258 1192 2299 sie
1221 2258 1264 2299 in
1286 2258 1367 2300 hoc
1397 2274 1419 2298 ν
1451 2255 1700 2312 ἐφελκυσα-

30 2326 106 2370 κὸν
132 2332 230 2370 ante
256 2330 558 2369 consonantem
583 2326 768 2369 litteram
797 2326 1045 2380 plerumque
1073 2325 1257 2380 positum
1288 2324 1513 2378 diligenter
1534 2337 1701 2367 erasum

33 2399 108 2438 est.
156 2398 277 2437 notas
308 2394 564 2447 marginales
596 2394 796 2448 apposuit
825 2405 936 2435 man.
961 2395 998 2447 2,
1029 2406 1170 2435 rerum
1199 2396 1464 2434 narratarum
1493 2391 1701 2434 indiculos

32 2461 185 2515 aliaue,
217 2473 325 2514 quae
355 2460 460 2503 nihil
490 2460 547 2502 ad
577 2475 666 2504 rem
696 2461 866 2504 faciunt.
922 2459 1008 2503 alia
1039 2463 1081 2502 et
1111 2459 1297 2502 maxime
1327 2459 1701 2513 interpretamenta

33 2528 258 2582 adscripsit
287 2541 435 2571 manus
466 2528 674 2571 recentior
706 2528 867 2571 saeculi
896 2527 984 2570 fere
1013 2526 1092 2569 XV
1122 2524 1271 2581 parum
1303 2526 1432 2580 digna
1463 2525 1517 2568 de
1548 2525 1700 2578 quibus

32 2596 166 2638 uerba
193 2595 412 2639 faciamus.
426 2595 460 2649 3)

149 2741 181 2782 1)
205 2753 232 2784 μ
254 2740 294 2774 111
316 2750 389 2775 ras.
507 2742 540 2782 2)
565 2753 614 2786 ay
636 2739 676 2774 in
698 2750 770 2774 ras.

152 2797 184 2837 3)
208 2796 279 2831 duo
304 2795 453 2831 afferam
476 2795 652 2840 exempla,
678 2805 770 2840 quae
795 2795 969 2830 doctioris
994 2795 1152 2831 hominis
1176 2795 1347 2830 uidentur
1366 2803 1463 2827 esse:
1490 2793 1537 2827 ad
1553 2793 1604 2828 VI
1620 2793 1641 2836 ξ
1661 2796 1698 2829 11

36 2848 315 2898 γλωσσόκομον
338 2851 485 2898 λέγεται
510 2847 555 2888 τὸ
581 2849 804 2898 βαλάντιον·
830 2847 923 2888 ἀλλὰ
949 2854 1012 2888 καὶ
1036 2848 1057 2898 ἢ
1083 2847 1202 2896 ξυλινὶ]
1228 2847 1335 2896 θήκη.
1361 2846 1418 2885 ὡσ
1449 2847 1632 2886 ἐνταῦθαε
1667 2852 1704 2886 el:

37 2904 177 2954 πόρτισ
201 2902 221 2952 ἦ
245 2903 361 2953 μικρὰ
384 2910 493 2954 βοῦσ.
540 2903 561 2953 ἦ
587 2905 759 2952 δάμαλισ.
805 2903 826 2954 ἦ
852 2904 1042 2954 ἄρξαμένη
1074 2910 1138 2944 νῦν
1163 2908 1232 2952 τῆσ
1256 2902 1354 2942 κατὰ
1381 2902 1501 2952 νομὴν
1524 2906 1702 2952 πορείασ.

38 2960 166 3010 πόροσ
191 2959 323 3009 πόρισ·
348 2965 412 3000 καὶ
436 2966 668 3009 πλεονασμῶ
691 2965 761 3000 τοῦ
784 2967 806 3000 ἶ
829 2961 978 3011 πόρτισ.
