2160 3439
295 170 378 208 294
837 167 999 211 ANTIQ.
1024 165 1121 202 IUD.
1147 166 1181 202 v
1205 169 1318 201 9—-14
1341 168 1364 208 (ι
1380 168 1411 209 2)

294 300 354 334 ως
386 283 501 334 ξένοι
520 282 637 332 τινὲς
669 279 755 324 εἶεν
787 276 977 335 ἀγνῶτες
998 274 1133 334 ὂλίγω
1155 278 1373 335 πρότερον
1394 273 1421 334 ἢ
1449 279 1574 322 δῦναι
1596 277 1672 321 τὸν
1695 273 1818 334 ἥλιον
1842 273 1953 334 παρ’

295 347 406 406 αυτῆ
437 345 591 392 δειπνι’
584 363 753 404 σαντες
784 343 1093 402 ἀπαλλαγεῖεν,
1126 345 1201 396 οὓς
1231 345 1270 389 εἰ
1301 347 1486 404 φοβεροὶ
1513 348 1567 403 τῇ
1588 345 1721 388 πόλει
1743 345 1958 397 δοκοῦσιν,

294 412 321 474 ἢ
352 417 550 460 κίνδυνον
588 417 652 471 τῶ
681 416 860 470 βασιλεῖ
889 417 1098 471 φέροντες
1126 409 1250 469 ἧκον,
1292 409 1472 464 ἀπόνως
1511 411 1623 456 εἶναι
1666 414 1816 467 λαβεῖν
1853 412 1960 456 διω-

230 489 280 528 10
293 487 498 539 χθεντας
569 483 611 526 οἱ
651 483 698 525 δὲ
735 485 813 539 τῆς
850 480 1053 538 γυναικὸς
1091 476 1232 531 ούτως
1271 496 1429 531 αυτούς
1472 478 1758 538 υπελθουσης
1803 476 1960 523 οὗδένα

293 550 620 608 ὑπονοήσαντες
667 550 796 594 δόλον
842 545 1054 606 ἀπῆλθον
1100 543 1193 592 οὐδ’
1229 544 1535 605 ἐρευνήσαντες
1579 547 1628 591 τὸ
1674 547 1960 604 καταγώγιον.
1990 555 2010 587 5

295 619 394 662 ἐπεὶ
434 615 474 661 δ’
501 616 774 675 ὁρμήσαντες
810 613 921 660 καθ’
949 616 1000 667 ἃς
1044 614 1241 669 ἐνόμιζον
1282 611 1439 666 αὐτοὺς
1483 616 1677 670 μάλιστα
1717 617 1805 658 τιῦν
1845 612 1961 658 ὃδῶν

296 682 575 743 ἀπέρχεσθαι
605 688 677 729 καὶ
708 684 819 728 κατὰ
849 684 929 736 τὰς
960 684 1023 735 εἷς
1051 682 1130 726 τὸν
1161 682 1366 737 ποταμὸν
1405 683 1627 739 φερούσας
1667 678 1812 726 οὐδενὶ
1850 698 1962 738 γνω-

229 758 479 811 11ρίσματι
524 753 883 809 περιετύγχανον,
927 751 1149 795 παύονται
1192 753 1270 793 τοῦ
1316 759 1483 794 πονεῖν.
1549 753 1627 793 τοῦ
1672 751 1718 793 δὲ
1762 749 1961 805 θορύβου

295 822 528 871 σταλέντος
557 818 581 878 ἡ
610 819 765 878 Ῥαάβη
797 821 1104 876 καταγαγοῦσα
1133 817 1236 868 τοὺς
1266 815 1428 874 ἄνδρας
1458 820 1531 861 καὶ
1561 817 1637 861 τὸν
1668 818 1867 861 κίνδυνον
1899 816 1962 860 εἶ-

293 891 464 941 ποῦσα,
498 888 548 931 ὂν
577 886 690 945 ὑπὲρ
722 891 798 945 τῆς
831 883 974 930 αὐτῶν
1005 884 1202 930 ὑπέλθοι
1234 889 1476 943 σωτηρίας,
1511 882 1702 928 ἁλοῦσαν
1732 884 1814 942 γὰρ
1848 881 1964 928 ἀπο·
1995 891 2032 925 10

292 955 573 1012 κρύπτουσαν
596 951 754 1007 αὐτοὺς
785 957 861 999 οὐκ
892 949 945 998 ἀν
967 955 1198 1012 διαφυγεῖν
1218 953 1296 1010 τὴν
1328 952 1373 996 ἐκ
1392 955 1472 995 τοῦ
1491 954 1711 1007 βασιλέως
1730 956 1961 1009 τιμωρίαν,

230 1028 280 1067 12
298 1019 410 1067 ἀλλὰ
440 1025 622 1067 πανοικὶ
655 1019 789 1080 αὐτὴν
821 1019 1079 1066 ἀπολέσθαι
1108 1023 1270 1073 κακῶς,
1306 1021 1658 1076 παρακαλέσασα
1689 1019 1763 1064 διὰ
1793 1019 1965 1077 μνήμης

295 1092 428 1146 έχειν,
471 1087 579 1135 όταν
620 1090 841 1148 ἐγκρατεῖς
880 1093 959 1147 τῆς
999 1093 1270 1133 Χαναναίων
1312 1090 1389 1144 γῆς
1431 1088 1728 1137 καταστάντες
1774 1081 1964 1141 ἀμοιβὴν

295 1159 465 1203 εκτῖσαι
504 1159 721 1202 δύνωνται
750 1161 828 1236 τῆς
868 1155 968 1215 ἄρτι
1001 1160 1243 1214 σωτηρίας,
1280 1165 1439 1238 χωρεῖν
1481 1155 1672 1198 ἐκέλευεν
1704 1154 1781 1198 ἐπὶ
1809 1152 1866 1196 τὰ
1897 1151 1964 1195 οἷ-

293 1237 389 1270 κεῖα
421 1223 673 1281 ὀμόσαντας
703 1225 727 1283 ἡ
759 1225 845 1282 μὴν
878 1225 1038 1269 σώσειν
1071 1221 1204 1280 αὐτὴν
1235 1225 1308 1267 καὶ
1329 1241 1384 1266 τα
1418 1241 1523 1280 αυτι
1530 1240 1563 1276 ς,
1596 1218 1702 1266 ὅταν
1723 1221 1802 1279 τὴν
1832 1219 1966 1264 πόλιν
1998 1230 2033 1263 15

295 1294 468 1345 ελόντες
513 1298 743 1352 φθείρωσι
785 1294 958 1343 πάντας
987 1308 1090 1342 τοις
1126 1290 1171 1335 έν
1211 1287 1320 1348 αὐτή
1358 1290 1470 1334 κατὰ
1511 1287 1727 1348 ψήφισμα
1757 1287 1807 1332 τὸ
1849 1283 1960 1344 παρ’

297 1358 447 1413 αὗτοῖς
483 1363 736 1417 γενόμενον·
775 1364 916 1404 ταῦτα
955 1359 1038 1416 γὰρ
1079 1359 1244 1402 εἰδέναι
1284 1363 1483 1417 σημείοις
1520 1368 1616 1409 τοῖς
1655 1357 1700 1401 ἐκ
1737 1359 1816 1400 τοῦ
1854 1357 1967 1399 θεοῦ

230 1434 281 1474 13
299 1430 604 1483 διδαχθεῖσαν.
665 1430 708 1473 οἱ
748 1430 795 1472 δὲ
832 1430 1024 1472 καὶτῶν
1063 1427 1298 1482 παρόντων
1341 1423 1450 1483 αὐτῇ
1487 1426 1616 1482 χάριν
1651 1425 1763 1480 ἔχειν
1793 1421 1967 1478 ὦμολό-

295 1514 397 1553 γοιν
435 1499 507 1540 καὶ
552 1499 657 1554 περὶ
687 1499 775 1540 τῶν
816 1488 952 1547 αἶθις
992 1493 1165 1550 (ὕμιιον
1204 1512 1315 1552 εργω
1345 1493 1424 1551 τὴν
1467 1489 1655 1550 ἀμοιβὴν
1688 1489 1965 1536 ἀποδώσειν·

296 1562 424 1620 ἡνίκα
467 1561 508 1607 δ)
536 1559 588 1608 ἀν
634 1565 854 1621 αισθηται
898 1563 1140 1621 μελλούσης
1182 1561 1452 1606 ἆλισκεσθαι
1490 1564 1568 1618 τῆς
1606 1561 1801 1613 πόλεως,
1843 1575 1968 1603 σινε-
1998 1569 2036 1602 20

295 1632 506 1687 βούλειον
544 1635 696 1690 κτῆσίν
726 1649 774 1675 τε
804 1632 881 1689 τήν
920 1627 1055 1689 αὐτῆς
1094 1633 1168 1674 καὶ
1206 1647 1308 1681 τους
1350 1629 1537 1680 οἰκείους
1578 1624 1782 1678 άπαντας
1822 1627 1885 1678 εἷς
1914 1627 1964 1671 τὸ

296 1700 568 1756 καταγώγιον
608 1697 894 1757 ἀποθεμένην
935 1699 1220 1756 ἐγκαθεῖρξαι
1250 1697 1338 1754 πρὸ
1371 1700 1458 1741 τιῦν
1489 1699 1642 1754 θυρῶν
1674 1692 1966 1740 ἀνατείνασαν

297 1768 560 1825 φοινικίδας,
593 1763 718 1818 ὅπως
750 1767 880 1818 εἰδώς
905 1766 983 1823 τὴν
1015 1767 1158 1810 οἰκίαν
1190 1765 1212 1810 ὃ
1247 1764 1489 1823 στρατηγὸς
1520 1764 1795 1822 φυλάττηται
1825 1765 1967 1814 κακῶς

232 1841 284 1879 14
301 1844 470 1878 ποιεῖν·
501 1836 779 1891 ,,μηνύσομεν
808 1833 890 1890 γὰρ
923 1831 1055 1890 αὐτῷ,
1088 1834 1275 1892 ἔφασαν,
1309 1833 1382 1877 διὰ
1412 1833 1461 1877 τὸ
1497 1832 1576 1877 σὸν
1605 1832 1832 1884 σώζεσθαι
1853 1829 1968 1887 πρό-

410 1939 430 1979 §
457 1939 476 1971 9
500 1954 545 1966 =
569 1936 678 1971 Iosua
700 1935 735 1970 ΙΙ
760 1939 791 1969 4.

409 2026 874 2062 ROMSPLELatZonaras
899 2025 916 2059 Ι
940 2037 976 2070 p.
1004 2027 1056 2057 76.
1105 2024 1234 2059 Suidas
1260 2034 1287 2058 s.
1314 2019 1502 2060 ὑπελθεῖν,
1529 2024 1727 2067 φοινικίδα.

414 2086 427 2116 1
457 2079 570 2124 *siem
603 2094 669 2118 om.
695 2083 752 2124 ΡΞ,
784 2093 855 2116 ras.
883 2084 970 2115 3-4
995 2080 1064 2115 litt.
1092 2083 1114 2120 (·
1134 2100 1141 2106 ·
1159 2083 1212 2121 εν)
1237 2079 1275 2113 Μ
1308 2076 1387 2115 οῖέν
1422 2079 1543 2124 priore
1580 2079 1761 2124 scriptura
1794 2082 1968 2125 corrupta

298 2138 415 2184 suppl.
430 2149 475 2172 m.
490 2149 562 2174 rec.
578 2139 608 2173 L
631 2139 773 2184 fuerint
792 2139 862 2173 Lat
933 2141 952 2172 2
978 2136 1284 2183 *δειπι-ήσαντες]
1310 2141 1342 2172 et
1367 2140 1535 2171 cenantes
1562 2135 1631 2170 Lat
1700 2130 1967 2181 ἀπαλλαγεῖεν]

297 2198 359 2231 καὶ
386 2191 671 2241 α’παλλαγέντεσ
696 2195 728 2229 Ε
867 2194 901 2230 εἰ
923 2205 967 2229 ex
1001 2193 1034 2230 οἱ
1069 2204 1161 2229 corr.
1189 2192 1217 2227 Ο
1357 2196 1376 2226 3
1402 2188 1599 2234 *ἀπόνως1
1631 2189 1781 2228 ἄπονον
1805 2202 1898 2226 corr.
1924 2202 1969 2227 ex

297 2247 449 2288 άπόν--
479 2252 517 2285 Μ
634 2255 654 2286 4
681 2251 716 2287 οἱ
741 2251 869 2287 ‹se—5
895 2246 1071 2296 ἀπῆλθον
1103 2249 1214 2284 habet
1247 2249 1376 2283 Suidas
1491 2242 1641 2290 *οἶῗτως
1666 2243 1813 2290 αὐτοὺς]
1840 2243 1969 2290 αὐτοῖς

298 2302 420 2350 οὕτως
445 2308 534 2342 Suid
628 2310 647 2342 6
673 2301 950 2355 *ὁρμήσαντεςῑ
977 2303 1217 2354 ὁρμήσαντεσ
1241 2303 1388 2342 διώκειν
1413 2305 1466 2340 SP
1495 2301 1735 2350 ὁρμήσαι-τεσ
1759 2303 1922 2341 ἐδίωκον
1938 2304 1969 2339 L

412 2368 429 2398 ἰ’
457 2359 667 2409 ἀπέχεσθαι
694 2363 723 2398 Ο
815 2360 912 2399 κατὰ
940 2361 1006 2405 τὰς
1032 2362 1095 2404 εἰς]
1120 2359 1378 2398 καταστάσεισ
1403 2361 1441 2395 Μ
1569 2365 1588 2395 9
1614 2361 1830 2403 σταλέντος]
1855 2374 1969 2397 κατα·

299 2422 507 2457 maldrum
533 2421 571 2455 Μ
673 2416 824 2466 Ῥαάβη]
852 2417 1001 2466 ῥαχάβη
1025 2419 1154 2455 MSPE
1262 2420 1352 2454 *καὶ
1380 2414 1505 2454 τὸν-
1522 2421 1561 2453 10
1588 2419 1788 2463 σωτηρίας]
1817 2421 1851 2452 ct
1870 2418 1969 2464 peri-

297 2478 417 2511 culum
446 2488 517 2523 pro
549 2487 673 2511 eorum
701 2476 819 2510 salute
846 2477 992 2521 ficcicns
1020 2486 1122 2509 sunm
1156 2475 1228 2510 Lat
1377 2474 1536 2510 εἰποῦσα
1562 2485 1629 2509 om.
1655 2473 1878 2509 MS¹LELat

302 2537 341 2569 12
367 2529 596 2569 ἀπολεῖσθαι
622 2533 675 2569 SP
794 2535 833 2567 1⁴
859 2529 1031 2568 δύνονται
1058 2532 1088 2566 L
1202 2529 1423 2566 *ἐκέλευσεν
1447 2531 1485 2565 Μ
1606 2534 1643 2565 15
1670 2525 1701 2575 ἢ]
1728 2527 1749 2574 ἢ
1774 2529 1877 2564 codd.

302 2594 341 2625 1ss
365 2591 567 2636 φθείρωσι,
593 2606 623 2626 ω
647 2601 691 2624 ex
718 2602 763 2624 ου
787 2599 879 2624 corr.
905 2588 944 2622 M
969 2589 1171 2633 φθείρουσι
1198 2587 1228 2621 L
1305 2583 1415 2628 κατὰ]
1441 2583 1538 2622 κατὰ
1565 2583 1609 2621 τὸ
1636 2586 1762 2621 MSPL
1842 2589 1880 2621 17
1909 2581 1970 2622 αὖ·

300 2652 395 2688 τοῖο,
421 2652 459 2681 οῖ
483 2646 506 2680 i.
520 2646 632 2681 ras.P
659 2641 776 2691 αι”τῆσ
802 2644 865 2679 RO
956 2648 994 2679 15
1020 2647 1108 2685 τῶν]
1134 2645 1218 2688 περὶ
1245 2645 1320 2678 τῶν
1345 2642 1498 2678 ROSPL
1522 2643 1566 2678 de
1591 2641 1873 2688 (praesentibus)
1899 2641 1970 2678 Lat

413 2699 661 2747 *ὁμολόγουν
685 2702 717 2737 R
817 2704 851 2735 21
883 2702 1124 2745 κτῆσιν-23
1151 2701 1360 2745 φοινικίδας
1385 2700 1495 2733 habet
1520 2699 1649 2734 Suidas
1751 2694 1875 2743 αὐτῆς]
1901 2695 1970 2744 σὴν

301 2759 389 2794 Suid
526 2762 568 2793 22
593 2757 872 2804 *ἐγκαθεῖρξιιῃ
897 2771 919 2803 γ
944 2767 988 2791 ex
1016 2770 1034 2791 ν
1059 2767 1150 2791 corr.
1177 2757 1216 2791 M
1346 2750 1642 2796 *ιῖνατειίτισανῙ
1669 2750 1916 2791 αἰτιτιθεῖσαν
1941 2754 1969 2789 P

414 2819 456 2850 23
482 2817 730 2860 *ᾳοινικίὸιιςῙ
756 2815 958 2848 coccineum
983 2814 1109 2857 sunem
1130 2813 1199 2847 Lat
1216 2813 1403 2857 «[οινικιίἱιι
1423 2812 1498 2846 Zon
1516 2815 1552 2846 ct
1575 2811 1736 2856 Toupius
1763 2811 1859 2856 apud
1881 2810 1970 2846 Suid

415 2870 531 2913 εἰδὼς]
557 2868 646 2906 ἰδὼν
663 2871 769 2905 MLE
856 2867 922 2915 τὴν
947 2870 1072 2905 οἰκίαν
1095 2865 1184 2904 ι’δὼν
1207 2872 1251 2904 tr.
1279 2868 1311 2903 E
1393 2869 1566 2903 *οίκειάν
1591 2868 1627 2901 Μ
1716 2870 1758 2901 24
1783 2864 1969 2913 *μηνύσο-

300 2930 382 2971 μεν]
407 2924 582 2972 μηνί-σειν
607 2927 732 2962 MSPL
826 2922 956 2973 *αὐτῷ
981 2936 1048 2961 om.
1075 2925 1102 2959 P
