2091 3418
580 181 741 226 ANTIQ.
768 181 864 218 IUD.
891 181 923 217 V
949 183 1082 216 23-29
1108 183 1130 221 (1
1148 184 1246 222 5-7)
1664 179 1741 217 297

81 297 217 352 μόνον
247 299 335 338 τιῦν
367 296 538 351 ἱερέων,
578 294 734 337 τοί-τον
765 294 846 350 γὰρ
879 312 926 336 οι
915 290 1004 336 dev
1035 293 1067 336 ε’
1067 298 1252 351 ’τοίισαν
1283 293 1612 372 τερισσότερον,
1646 289 1744 335 ἀνέ-

81 363 230 416 ζευξαν
261 363 323 413 εἰς
353 366 402 407 τὸ
436 362 751 418 στρατόπεδον.
812 364 882 405 καὶ
914 378 1043 404 τοιτο
1081 361 1111 403 ε’
1111 364 1153 403 ιὶ
1189 359 1350 416 ἡμέρας
1382 361 1428 411 ἐξ
1457 361 1741 418 ποιησάντων
1759 363 1811 402 24

78 449 129 488 τιη
171 430 334 487 ἑβδόμῃ
366 429 414 473 τὸ
456 428 688 473 ὁπλιτικὸν
714 425 878 486 Ἰησοῦς
918 428 1171 484 συναγαγών
1210 428 1390 471 καὶτὸν
1423 428 1529 472 λαὸν
1566 425 1745 472 α’παντα

80 498 158 555 τὴν
191 493 356 541 α’λωσιν
388 497 539 548 αἰτοῖς
568 500 645 554 τῆς
685 497 858 547 πόλεως
898 494 1212 554 εὐηγγελίζετο,
1252 493 1313 545 (ὃς
1350 493 1443 538 κατ’
1471 496 1635 553 ἐκείνην
1666 497 1744 553 τὴν

79 562 242 623 ἡμέραν
281 562 432 616 αὐτοῖς
460 568 538 607 τοῦ
582 567 690 607 θεοῦ
726 565 887 622 ταύτην
928 563 1197 618 παρέξοντος
1237 561 1496 616 αὐτομάτως
1533 566 1603 606 καὶ
1645 565 1744 617 δίχα

83 633 189 690 [τοῦ]
223 633 361 677 πόνου
391 635 468 675 τοῦ
501 635 715 689 σφετέρου
746 635 833 674 τῶν
862 634 1016 685 τειχιῦν
1047 634 1501 688 κατενεχθησομένων.
1560 636 1743 675 κτείνειν
1758 634 1810 672 25

79 704 229 755 μέντοι
265 697 408 743 πάνθ’
435 697 633 743 ὁντινοῦν
674 701 711 742 εἰ
752 700 928 754 λάβοιεν
969 698 1283 754 παρεκελεύετο
1315 700 1386 740 καὶ
1418 698 1527 755 μήτε
1557 699 1744 754 κάμνον-

79 785 158 819 τας
190 764 440 826 ἀποστῆναι
466 771 543 810 τοῦ
576 767 715 824 φόνου
736 770 823 809 τιῦν
854 768 1093 821 πολεμίων,
1124 762 1227 822 μήτ’
1256 765 1361 821 ἐλέῳ
1393 768 1744 823 παραχωρήσαν-

79 851 158 886 τας
197 852 306 892 μητε
344 837 445 891 περὶ
488 833 560 915 ἆρῑ
563 834 691 891 ταγην
728 837 982 890 γινομένοις
1019 836 1234 889 περιορᾶν
1273 833 1515 890 φεύγοντας
1545 835 1647 886 τοίς
1679 836 1745 889 ἕχ-

78 903 238 959 θρούς·
272 899 383 946 ἀλλὰ
404 902 458 945 τὰ
481 903 559 956 ιιὲν
584 902 672 958 ζιιῦα
694 903 841 945 πάντα
870 903 1155 959 διαφθείρειν
1185 901 1320 958 μηδὲν
1353 897 1511 952 αὐτοις
1542 903 1605 953 εἰς
1628 903 1745 946 ἰδίαν
1760 904 1812 944 26

81 966 301 1028 ὠφέλειαν
343 971 664 1025 λαμιιῖάιοιτας,
706 966 811 1020 όσος
848 965 890 1012 ὁ)
918 963 970 1012 ἂν
1010 966 1195 1025 ἅργιρος
1225 968 1249 1025 y}
1282 972 1355 1013 καὶ
1383 969 1564 1024 χρυσός,
1607 973 1746 1013 ταῦτα

80 1038 276 1082 ἐκέλεισε
309 1043 511 1095 σιγκοιᾘι
496 1039 646 1088 ἰόντας
678 1034 880 1093 ἀπαρχὴν
920 1036 1140 1093 ἐξαίρετον
1171 1039 1257 1079 τιῦν
1287 1041 1653 1093 κατωρθωμένων
1683 1056 1743 1095 τιιυ

79 1109 177 1162 θεῷ
207 1115 353 1164 τηρεῖν
385 1123 428 1149 εκ
458 1109 535 1163 τῆς
567 1108 744 1162 πρῶτον
776 1103 1063 1162 ἆ2ισκομένης
1089 1104 1263 1155 πό2εως
1301 1105 1556 1162 εἰληφότας·
1590 1106 1746 1158 σώζειν

81 1174 128 1217 δὲ
158 1174 295 1231 μόνην
323 1174 504 1231 Ρααβιιν
535 1175 607 1216 καὶ
638 1172 716 1229 την
747 1171 898 1228 γενεὰν
939 1188 1071 1229 αυτης
1102 1171 1176 1215 διὰ
1210 1171 1313 1223 wig
1343 1176 1602 1228 γενομένους
1632 1173 1746 1230 πρὸς

81 1237 214 1298 αὐτὴν
244 1250 338 1291 τοῖς
367 1241 670 1290 κατασκόποις
698 1236 866 1295 όρκοις.

193 1313 231 1353 6.
268 1304 404 1351 Ταῦτ’
431 1307 570 1350 εἰπών
591 1310 665 1351 καὶ
697 1307 908 1358 διατάξας
937 1306 1014 1350 τὸν
1038 1306 1225 1363 στρατὸν
1256 1323 1534 1365 προσηγαγεν
1567 1307 1643 1351 επὶ
1663 1308 1742 1364 τὴν
1760 1310 1812 1349 27

78 1376 233 1420 πόλιν·
271 1375 513 1432 περιῄεσαν
545 1375 592 1418 δὲ
624 1375 761 1418 πάλιν
791 1375 868 1431 τὴν
909 1374 1044 1418 πόλιν
1079 1372 1316 1431 ἡγουμένης
1344 1377 1422 1432 τῆς
1451 1377 1642 1430 κιβωτοῦ
1673 1377 1745 1418 καὶ

79 1447 167 1487 τῶν
201 1445 353 1500 ἱερέων
383 1452 478 1493 τοῖς
507 1446 686 1499 κέρασιν
718 1442 1034 1498 ἐξοτρυνόντων
1064 1441 1143 1498 τὴν
1174 1442 1358 1497 δύναμιν
1389 1442 1504 1498 πρὸς
1533 1442 1582 1486 τὸ
1607 1443 1745 1498 ἔργον.

78 1513 153 1556 καὶ
182 1511 516 1567 περιελθόντων
547 1510 730 1561 ἑπτάκις
759 1512 832 1553 καὶ
863 1509 978 1565 πρὸς
1009 1505 1157 1565 ὀλίγον
1187 1506 1500 1568 ἠρεμησάντων
1530 1514 1747 1554 κατέπεσε

80 1579 129 1623 τὸ
161 1589 304 1634 τεῖχος
333 1578 442 1635 μήτε
473 1581 668 1636 μηχανῆς
697 1578 807 1635 μήτε
839 1575 972 1634 ἄλλης
992 1581 1094 1632 βίας
1118 1573 1237 1634 αὐτῷ
1258 1582 1635 1636 προσενεχθείσης
1656 1576 1743 1621 ὑπὸ

77 1650 166 1691 τῶν
191 1645 416 1704 Ἑβραίων.

194 1719 232 1758 7.
289 1715 344 1758 Οἱ
376 1710 414 1756 δ’
443 1712 723 1764 εἰσελθόντες
755 1712 817 1763 εἰς
844 1710 1102 1769 Ἱεριχοῦντα
1134 1712 1305 1763 πάντας
1337 1713 1549 1766 ἔκτεινον,
1580 1716 1668 1756 τιῦν
1701 1712 1744 1756 ἐν
1760 1714 1812 1754 28

82 1777 192 1839 αὗτιη
222 1781 335 1838 πρὸς
364 1780 444 1838 τὴν
475 1780 730 1837 παράδοξον
761 1783 838 1823 τοῦ
866 1784 1036 1833 τείχοις
1063 1777 1318 1836 ἀνατροπὴν
1338 1780 1746 1838 καταπεπληγότων

78 1851 151 1892 καὶ
182 1851 261 1892 τοῦ
292 1848 574 1906 φρονήματος
606 1844 754 1898 αὐτοῖς
786 1847 900 1902 πρὸς
932 1844 1100 1902 άμυναν
1137 1843 1310 1903 αχρείοι
1349 1847 1599 1904 γεγονότος·
1642 1865 1746 1904 ανη-

83 1919 238 1974 ροῦντο
279 1913 320 1959 δ’
348 1915 422 1959 οὖν
462 1916 506 1959 ἐν
544 1925 642 1966 ταῖς
680 1913 802 1966 ὁδοῖς
841 1911 1237 1972 ἀποσφαττόμενοι
1276 1918 1349 1959 καὶ
1381 1932 1425 1958 εν
1455 1925 1554 1966 ταῖς
1585 1916 1746 1966 οἰκίαις

81 1983 614 2039 επικαταλαμβανόμενοι.
684 1992 925 2040 παριητεῖτο
969 1979 1008 2025 ὁ
1037 1978 1164 2026 οὐδὲν
1205 1999 1385 2036 αυτοις,
1427 1978 1540 2025 αλλὰ
1579 1983 1744 2033 πάντες
1761 1985 1813 2024 29

193 2120 214 2162 ξ
241 2120 282 2153 23
307 2134 351 2146 =
374 2118 483 2153 Iosua
506 2118 556 2154 VI
582 2121 635 2153 14.

194 2251 659 2287 ROMSPLELatZonaras
683 2251 701 2285 Ι
724 2261 760 2295 p.
787 2254 840 2285 77.

196 2322 211 2354 1
237 2316 372 2363 μόνον]
398 2317 530 2363 μόνων
553 2318 650 2354 ROL
729 2315 853 2362 μόνον
878 2315 1022 2362 (μόνων
1048 2318 1089 2359 L)
1116 2315 1384 2354 σαλπισάντων
1408 2320 1453 2352 tr.
1478 2317 1548 2351 ML
1620 2329 1746 2363 περισ-

81 2372 257 2421 σότερον]
283 2375 510 2422 περαιτέρωι
535 2375 588 2410 SP
692 2370 905 2418 ἀνέζευξαν]
937 2372 1095 2417 ιῖνευξαν
1120 2374 1152 2408 R
1246 2376 1265 2407 2
1290 2374 1353 2416 εἰς]
1378 2372 1438 2409 ἐπὶ
1463 2373 1494 2407 Ε
1589 2376 1608 2408 3
1636 2369 1747 2419 ὃπλη-

81 2428 188 2467 τικὸν
211 2432 242 2467 L
343 2434 505 2477 *[ησοῡς]
533 2428 553 2467 ὃ
580 2431 712 2477 ἰησοῦσ
736 2430 789 2466 SP
893 2433 913 2463 4
939 2425 1083 2471 αὖτοῐσ]
1109 2426 1212 2466 αὐτῶ
1236 2430 1372 2465 ROML
1477 2424 1744 2475 εὐηγγελίσατο

80 2487 242 2523 MSPLE
333 2489 353 2521 6
379 2490 448 2524 τοῦ
470 2484 604 2528 πόνου]
630 2484 753 2523 πόνου
777 2487 870 2521 coni.
970 2489 987 2520 7
1015 2486 1183 2530 *μέντοι]
1207 2487 1337 2531 μέντοι
1362 2499 1404 2532 γε
1430 2486 1515 2521 SPL
1608 2481 1744 2526 πάνθ’]

81 2539 234 2580 πάθ’Μ
304 2539 479 2580 ὁντινοῦν
503 2536 647 2585 (ὅντινα
674 2537 741 2579 οὖν
754 2543 796 2585 L)
814 2542 858 2584 εἰ]
886 2538 930 2578 ὂν
947 2539 995 2578 ι’ἰν
1008 2543 1060 2578 SP
1131 2545 1149 2577 8
1174 2540 1268 2588 μήτε
1281 2542 1376 2576 MSP
1446 2540 1749 2588 παραχωρήσαν-

80 2603 160 2642 τας]
186 2597 547 2647 παραχωρήσαντασ
571 2600 778 2644 φείσασθαι
797 2598 881 2633 SPL
953 2602 972 2632 9
997 2601 1083 2644 περὶ
1100 2610 1168 2634 om.
1185 2599 1213 2633 P
1283 2598 1515 2645 γινομένω-ς]
1541 2598 1747 2644 γενομένην

80 2657 111 2691 L
230 2660 265 2691 11
296 2651 400 2698 ὅσος]
428 2652 476 2692 ὂσ
499 2655 538 2690 Μ
564 2648 638 2691 ὅσα
663 2655 783 2690 SPLE
888 2651 937 2690 ἄν
953 2651 1129 2701 ἄργυρος]
1154 2653 1195 2691 ἐν
1220 2652 1375 2702 ιῖργύρω
1400 2655 1432 2688 Ε
1560 2657 1690 2699 χρυσῶ
1714 2653 1746 2688 Ε

199 2715 239 2746 12
262 2710 408 2748 ἐκέλευε
440 2711 542 2747 OML
679 2710 988 2756 κατορθωμένων
1020 2711 1081 2746 OL
1113 2710 1449 2758 κατορθωρμένων
1474 2710 1552 2751 (sic)
1584 2713 1618 2751 (o
1644 2710 1682 2744 in
1717 2725 1746 2745 ω

84 2771 190 2810 corr.)
213 2767 248 2803 R
270 2765 588 2815 κατορθωμάτων
612 2768 644 2802 Ε
759 2770 799 2801 14
821 2763 993 2813 Ῥαάβην]
1019 2764 1193 2813 ῥαχάβην
1217 2767 1312 2802 MSP
1427 2770 1466 2801 16
1492 2764 1746 2813 προσήγαγεν]

84 2826 276 2871 προσῆγεν
299 2824 462 2860 MSPLE
557 2827 596 2859 17
621 2821 835 2870 *περιῆσαν
860 2823 888 2857 O
984 2826 1024 2858 18
1050 2824 1160 2865 *τοῖς
1183 2823 1339 2869 κέρασιν
1363 2834 1432 2858 om.
1445 2822 1517 2858 Lat
1616 2825 1658 2857 22
1685 2822 1748 2865 εἰς]

85 2881 142 2917 εἰσ
165 2877 234 2927 τὴν
257 2880 311 2916 SP
418 2883 459 2914 23
485 2883 554 2917 τοῦ
578 2880 756 2926 expunxit
780 2880 809 2914 O
912 2880 1066 2924 τείχουσ
1091 2889 1119 2913 s.
1143 2889 1189 2913 m.
1216 2881 1235 2912 2
1262 2878 1325 2912 Ro
1434 2881 1475 2912 25
1502 2874 1749 2924 ἀποσφαττό-

83 2940 205 2982 μενοι]
229 2936 426 2982 constipati
449 2937 520 2972 Lat
609 2938 673 2972 καὶ
697 2934 850 2972 εἶν-26
874 2931 1322 2981 ἐπικαταλαμβανόμενοι
1347 2946 1414 2970 om.
1439 2935 1479 2969 M
