2091 3418
37 942 76 976 10

37 1280 74 1314 15

568 215 730 260 ANTIQ.
758 216 852 252 IUD.
878 217 910 252 V
938 219 1114 253 164-169
1138 220 1175 260 (11
1197 221 1315 260 11.12)
1691 217 1770 256 325

104 324 301 384 Ἰάβησον
331 330 408 384 τῆς
432 328 724 378 Γαλαδίτιδος
755 320 902 380 οὖσαν,
935 326 1002 372 ὅτι
1034 330 1091 386 μ’)
1126 331 1448 387 συμμαχήσειεν
1481 327 1631 382 αι’·τοῖς
1661 331 1771 374 κατὰ

107 397 195 438 τῶν
217 397 505 449 Βενιαμιτῶν,
538 399 798 450 πέμψαντες
827 402 1008 452 μυρίους
1038 400 1109 440 καὶ
1143 398 1382 451 δισχιλίους
1414 398 1458 440 ἐκ
1488 401 1575 441 τῶν
1604 398 1772 449 τάξεων

110 462 339 505 ἐκέλευσαν
371 459 552 506 ἀνελεῖν.
604 466 672 506 καὶ
708 461 945 520 ([ονείουσι
974 464 1023 506 τὸ
1056 465 1246 519 μάχιμον
1271 469 1348 522 τῆς
1380 467 1553 516 πόλεως
1585 467 1625 509 οἱ
1658 483 1772 521 πεμ-

108 534 300 588 φθέντες
332 530 410 573 σὺν
439 534 606 581 τέκνοις
637 533 706 573 καὶ
738 531 947 586 γυναιξὶ.
938 531 1052 588 πλιν
1073 537 1367 587 τετρακοσίων
1389 537 1643 587 παρθένων.
1696 533 1771 577 ἐπὶ

105 600 317 642 τοσοῦτον
348 594 427 640 ὑπ’
453 594 624 675 όργιμς
614 598 906 655 προι’χθησαν
937 602 998 654 τηῐ
1029 598 1140 641 κατὰ
1161 599 1238 655 τὴν
1259 610 1441 655 γιναῖκα
1463 601 1608 644 τάθει
1631 617 1772 656 προσ-

108 665 317 719 λαβόντες
347 666 418 707 καὶ
449 664 498 706 τὸ
532 664 641 707 κατὰ
672 665 750 721 τὴν
782 662 1008 720 αναίρεσιν
1039 669 1126 708 τῶν
1158 664 1369 710 ὁπλιτῶν.

224 735 288 774 12.
340 732 576 775 Μετάνοια
608 728 649 774 δ
678 730 836 783 αἰτοις
875 733 1089 788 λαμβάνει
1119 736 1196 791 τῆς
1226 737 1312 776 τῶν
1347 738 1621 789 Βενιαμιτῶν
1662 751 1770 790 συμ-

107 801 252 856 φορᾶς
290 801 362 842 καὶ
403 804 608 857 νηστείαν
650 798 725 842 ἐπ)
751 796 900 850 αὐτοῖς
938 804 1186 856 προέθεντο
1226 806 1372 844 καίτοι
1414 803 1564 846 δίκαια
1602 807 1772 846 παθεῖν

108 863 265 917 αὐτους
296 863 520 918 ἀξιοῦντες
562 867 625 917 εἷς
655 866 757 916 τοὺς
789 867 948 922 νόμους
987 867 1386 924 ἐξαμαρτάνοντας,
1428 872 1500 912 καὶ
1541 870 1642 921 τους
1675 871 1772 913 δια-

106 934 326 992 φυγόντας
358 930 500 978 αὖτῶν
532 933 786 985 ἑξακοσίους
825 934 899 978 διὰ
939 938 1221 990 πρεσβευτῶν
1263 936 1463 980 ἐκάλουν·
1504 938 1771 993 καθίδρυντο

104 1001 187 1058 γὰρ
225 999 338 1058 ὑπὲρ
378 1005 542 1058 πέτρας
572 1001 692 1051 τινὸς
718 999 836 1052 Ῥοᾶς
865 1003 1134 1060 καλουμένης
1164 1003 1275 1046 κατὰ
1306 1004 1384 1059 τὴν
1415 1005 1588 1062 ἔρημον.
1650 1007 1692 1048 οἱ
1725 1007 1771 1050 δὲ

106 1073 316 1125 πρέσβεις
355 1067 416 1120 ῶς
456 1065 531 1112 οὐκ
571 1069 753 1119 ἐκείνοις
791 1072 869 1125 τῆς
905 1073 1133 1127 συμφορᾶς
1162 1071 1317 1125 μόνοις
1345 1076 1628 1130 γεγενημένης
1661 1070 1772 1116 ἀλλὰ

104 1139 177 1180 καὶ
210 1133 361 1188 αὐτοῖς
390 1139 477 1180 τῶν
510 1139 724 1192 συγγενῶν
756 1132 1056 1180 ἀπολωλότων
1091 1134 1351 1192 ὀδυρόμενοι
1391 1139 1547 1196 πρᾴως
1584 1140 1773 1184 ἔπειθον

106 1208 259 1262 φέρειν
290 1207 363 1247 καὶ
395 1205 624 1247 συνελθεῖν
657 1203 720 1254 εἰς
750 1200 883 1247 ταύτὸ
916 1206 987 1248 καὶ
1028 1204 1086 1261 μὴ
1128 1207 1323 1262 παντελῆ
1352 1209 1429 1262 τῆς
1462 1208 1774 1262 Βενιαμίτιδος

105 1273 246 1330 φυλῆς
285 1269 476 1328 ὄλεθρον
506 1271 555 1314 τό
596 1288 643 1327 γε
675 1271 707 1314 ἐ
705 1267 748 1313 τ’
777 1268 926 1322 αυτοῖς
955 1277 1381 1330 καταψηφίσασθαι.
1441 1278 1773 1331 ,,συγχωροῦμεν

106 1340 153 1383 δὲ
183 1337 298 1395 ὑμῖν,
331 1339 491 1395 ε’λεγον,
522 1339 600 1396 τὴν
632 1336 824 1420 ἁπάσης
838 1342 916 1396 τῆς
948 1341 1088 1395 φυλῆς
1107 1342 1186 1397 γῆν
1207 1342 1278 1383 καὶ
1302 1337 1459 1384 λείαν
1446 1338 1553 1399 όσην
1576 1361 1628 1385 αν
1652 1360 1772 1399 αγειν

106 1407 376 1465 δυνηθῆτε“.
419 1423 459 1449 οι
484 1406 530 1450 δὲ
552 1408 639 1448 τῶν
668 1402 779 1448 καθ
805 1405 986 1457 ἑαυτους
1007 1410 1118 1450 θεοῦ
1142 1407 1282 1465 ψήφω
1312 1408 1554 1464 γεγονότων
1574 1412 1647 1453 καὶ
1668 1406 1766 1452 κατ’

106 1470 282 1518 ἀδικίαν
311 1473 390 1530 τὴν
424 1469 567 1516 αὐτῶν
596 1473 1008 1530 γνωσιμαχήσαντες
1037 1474 1254 1531 κατῄεσαν
1287 1478 1349 1526 εἰς
1376 1476 1455 1532 τὴν
1477 1476 1666 1532 πάτριον
1688 1494 1772 1535 φυ-

107 1541 186 1599 λὴν
227 1541 498 1596 πειθόμενοι
534 1550 629 1591 τοῖς
670 1543 1061 1596 προκαλουμένοις.
1122 1543 1165 1585 οἱ
1201 1538 1240 1584 δ’
1261 1539 1529 1601 Ἰσραηλῖται
1566 1553 1774 1599 γυναῖκας

104 1607 256 1661 αὐτοῖς
285 1608 366 1660 τὰς
395 1612 682 1665 τετρακοσίας
713 1608 872 1652 ἔδοσαν
902 1612 1158 1664 παρθένους
1186 1609 1266 1660 τὰς
1294 1606 1549 1665 Ἰαβίτιδας,
1588 1614 1691 1667 περὶ
1726 1612 1772 1655 δὲ

105 1680 193 1720 τῶν
234 1678 473 1721 διακοσίων
512 1676 747 1728 ἐσκόπουν,
794 1671 920 1726 ὅπως
963 1672 1155 1719 κάκεῖνοι
1194 1680 1408 1732 γυναικῶν
1449 1675 1773 1735 εὐπορήσαντες

105 1745 484 1788 παιδοποιῶνται.
535 1746 828 1801 γεγενημένων
851 1744 898 1786 δὲ
930 1739 1080 1793 αὐτοῖς
1112 1739 1250 1800 ὅρκων
1282 1739 1396 1787 ὥστε
1425 1745 1578 1803 μηδενὶ
1612 1751 1771 1790 Βενια-

104 1817 209 1869 μίτῃ
242 1816 490 1855 συνοικίσαι
519 1814 745 1868 θυγατέρα
775 1809 863 1866 πρὸ
890 1812 969 1853 τοῦ
990 1812 1200 1865 πολέμου,
1234 1811 1275 1853 οἱ
1297 1811 1375 1865 μὲν
1397 1808 1627 1869 ὀλιγωρεῖν
1650 1829 1774 1857 συνε-

106 1879 319 1934 βούλευον
349 1881 438 1922 τῶν
469 1874 799 1934 ὀμωμοσμένων
830 1875 890 1928 ῶς
921 1873 1002 1919 ὑπ’
1028 1873 1160 1935 ὀργῆς
1189 1874 1433 1933 ὀμόσαντες
1459 1876 1508 1923 οὗ
1530 1880 1677 1937 γνώμῃ
1700 1883 1774 1924 καὶ

104 1951 268 2003 κρίσει,
307 1949 371 2002 τῷ
413 1946 460 1989 δὲ
490 1949 588 2002 θεῷ
617 1946 752 2004 μηδὲν
784 1945 981 1988 ἐναντίον
1012 1945 1218 2002 ποιήσειν
1250 1946 1290 1989 εἰ
1321 1947 1462 2004 φυλὴν
1493 1943 1598 2005 ὅλην
1628 1949 1774 1991 κινδυ-

106 2014 316 2058 νεύουσαν
348 2009 607 2057 ἀπολέσθαι
640 2016 784 2056 σῶσαι
815 2013 1069 2070 δυνηθεῖεν,
1110 2013 1191 2064 τάς
1220 2031 1268 2057 τε
1299 2014 1530 2070 ἐπιορκίας
1561 2010 1637 2068 οὐχ
1668 2011 1773 2058 ὅταν

218 2116 240 2158 ξ
268 2117 331 2150 164
355 2130 399 2142 --
423 2114 537 2152 Iudic.
562 2113 648 2147 XXI
674 2116 711 2156 83
737 2114 758 2156 ξ
787 2115 851 2147 166
875 2128 920 2140 =
944 2112 1058 2147 Iudic.
1084 2112 1169 2147 XXI
1196 2115 1228 2147 2.

217 2192 682 2229 ROMSPLELatZonaras
706 2192 723 2225 I
747 2203 783 2236 p.
810 2194 864 2226 83.
913 2191 1119 2236 Stephanus
1144 2192 1230 2236 Byz.
1256 2203 1284 2226 s.
1306 2189 1428 2238 ”Ιαβις.

220 2253 235 2283 1
261 2244 446 2295 Ἰάβησον]
481 2245 652 2294 ἰάβεισον
682 2248 769 2283 SPE
803 2247 956 2294 ἰάβισον
987 2247 1059 2281 ML
1091 2246 1223 2281 ίαῦἰίαε
1246 2248 1318 2283 Lat
1349 2245 1514 2294 ἰαβησόσ
1549 2250 1585 2283 et
1617 2245 1774 2295 ἰαβισόσ

106 2305 210 2342 codd.
237 2304 414 2350 Stephani
533 2304 778 2349 γαλαλίτιδοσ
809 2303 873 2338 Ro
905 2304 1113 2349 γαλατίδοσ
1138 2303 1171 2337 Ε
1297 2305 1594 2350 *συμμαχίσειεν
1617 2303 1682 2339 Ro

105 2357 274 2403 *αὐτοῖς1
301 2355 403 2396 αὗτῶ
427 2359 491 2395 Ro
599 2362 617 2394 2
642 2361 705 2395 καὶ
730 2360 932 2404 δισχιλίουσ
961 2369 1028 2394 om.
1054 2359 1078 2394 i.
1103 2369 1214 2403 marg.
1241 2360 1358 2404 suppl.
1384 2359 1423 2393 M
1523 2363 1541 2394 3
1567 2362 1586 2381 *
1595 2357 1772 2405 μάχιμον,

106 2433 118 2454 ι
140 2418 164 2452 i.
179 2428 251 2453 ras.
268 2417 305 2451 M
400 2418 419 2449 6
445 2412 504 2456 τὸ]
530 2418 584 2451 τῶ
597 2415 670 2450 RM
764 2411 968 2462 ἀναίρεσιν]
995 2412 1141 2462 αἳρεσιν
1163 2415 1203 2449 Μ
1228 2418 1264 2450 et
1288 2415 1369 2458 Lat,
1393 2415 1432 2449 in
1456 2426 1525 2459 quo
1551 2415 1665 2450 electa
1690 2427 1774 2450 con-

105 2473 242 2508 ditione
335 2467 513 2513 ὁπλιτῶν]
539 2482 721 2506 armorum
746 2471 818 2506 Lat
917 2474 934 2504 7
962 2467 1186 2517 *λαμβάι-ει]
1212 2469 1466 2518 συλλαμβάνει
1490 2471 1554 2506 RO
1664 2474 1682 2506 8
1707 2466 1773 2508 ἐπ’

107 2525 249 2566 αὕτοὺσ
273 2528 302 2564 Ο
379 2527 608 2574 προέθεντο]
633 2527 802 2563 διέθεντο
828 2526 893 2561 Ro
919 2522 959 2572 δὴ
985 2529 1020 2572 (η
1044 2536 1089 2561 ex
1113 2539 1145 2562 ει
1170 2530 1275 2569 corr.)
1301 2527 1514 2572 προέθεντο
1541 2528 1565 2562 S
1634 2528 1771 2569 καίτοι]

105 2587 169 2622 καὶ
193 2581 238 2621 τὸ
263 2583 328 2620 Ro
414 2587 450 2619 11
477 2581 551 2630 γὰρ
576 2579 681 2630 ὑπὲρ]
707 2583 745 2619 δὲ
769 2581 830 2618 ἐπὶ
854 2582 979 2617 MSPL
1005 2583 1098 2617 enim
1121 2593 1233 2628 super
1256 2583 1327 2618 Lat
1408 2580 1509 2630 ῥοὰσ
1532 2583 1596 2618 RL
1623 2581 1723 2629 ῥόασ
1749 2583 1773 2618 S

218 2636 316 2676 κατὰ
342 2636 410 2685 τὴν
434 2635 574 2686 ἔρημον
597 2650 665 2674 om.
683 2639 755 2673 Lat
826 2641 866 2672 12
891 2638 1157 2685 γεγενημένοισ
1172 2639 1255 2673 ΜΡι
1330 2642 1370 2674 16
1396 2636 1445 2676 c'c'v
1469 2637 1586 2685 ἄγειν]
1611 2634 1773 2685 α’πάγειν

104 2696 199 2732 MSP
295 2699 334 2731 17
361 2698 553 2741 δυνηθῆτε]
579 2695 671 2731 coni.
697 2696 912 2740 δυνηθείητε
938 2694 1041 2729 codd.
1136 2697 1213 2729 τῶν
1237 2705 1303 2729 om.
1328 2695 1392 2730 Ro
1490 2697 1529 2729 18
1555 2694 1773 2737 *κατίεσαν,

105 2751 124 2788 'l‘
134 2753 158 2787 i.
172 2763 243 2788 ras.
256 2763 303 2786 m.
323 2754 342 2786 2
360 2751 399 2786 Μ
472 2754 512 2786 19
530 2748 768 2795 *πυθόμενοι
782 2750 846 2785 RO
918 2750 955 2786 δὲ
968 2750 1001 2784 Ε
1073 2753 1114 2784 20
1132 2747 1200 2792 τὰς
1216 2752 1477 2797 τετρακοσίας]
1495 2752 1773 2797 τετρακοσίουσ

105 2807 170 2844 RO
241 2803 386 2843 ἔδωσαν
411 2807 486 2842 RS¹
511 2804 654 2843 ἔδωκαν
672 2807 704 2841 Ε
779 2806 987 2853 ἰαβείτιδασ
1008 2805 1040 2840 Ε
1117 2808 1159 2840 22
1184 2806 1400 2851 γενομένων
1425 2807 1457 2841 Ε
1546 2802 1583 2842 δ’
1608 2806 1770 2841 MSPLE

221 2865 262 2898 23
289 2864 511 2904 συνοικίσαι]
538 2862 684 2897 Ernesti
710 2864 927 2907 συνοικῆσαι
954 2861 1057 2896 codd.
1129 2857 1364 2908 *ω’λιγωρεῖν
1380 2861 1456 2897 RS¹
1527 2865 1570 2896 24
1595 2857 1772 2906 ὀμωμοσ-

105 2919 283 2965 μένωνΜ
302 2914 630 2964 ῶμομοσμένωνΡ
655 2914 1044 2963 ὡμομοσμένωνὸὈ2
1070 2911 1348 2961 όμωσμένωνΒ,
1371 2918 1622 2963 μεμοσμένων
1635 2917 1681 2952 0¹

106 2971 204 3013 *ὑπ’
220 2970 351 3022 ὄργῆσ,
377 2971 450 3019 bs„
477 2969 499 3010 o'
524 2984 616 3009 corr.
631 2985 678 3010 ex
695 2988 713 3011 ε
738 2974 811 3009 uid.
827 2974 866 3008 M
937 2976 978 3008 25
1003 2970 1296 3010 κινδυνεύσασαν
1308 2973 1378 3008 ML
1450 2977 1492 3010 26
1517 2974 1772 3021 ἐφιορκίασΜ

1806 470 1884 510 165

1805 739 1885 780 166

1806 1007 1884 1048 167

1805 1412 1884 1453 168

1805 1749 1884 1789 169
