2160 3439
369 192 449 230 272
801 191 961 235 ANTIQ.
987 191 1082 227 IUD.
1107 191 1159 227 IV
1183 194 1360 228 237—242
1383 194 1594 237 (v11121.22)

367 320 435 355 τις
464 303 575 346 κατὰ
602 303 878 361 χρηστότητα
899 308 1113 362 παρίησιν
1135 300 1398 361 ἀνθρώποις
1419 306 1668 362 λαμβάνειν,
1699 308 1778 349 τοῦ
1806 309 1919 351 θεοῦ
1948 307 2027 365 τὴν

372 367 602 428 ἇφθονίαν
622 373 711 414 τῶν
733 367 919 428 ἇγαθιῦν
941 374 1231 429 χορηγοῦντος
1261 369 1337 416 οῦκ
1359 373 1434 417 ἐπὶ
1464 376 1527 431 τῷ
1548 376 1839 431 καρποῦσθαι
1858 374 2025 430 μόνοις,

370 434 480 481 ἀλλὰ
511 440 585 482 καὶ
614 440 677 495 τῴ
707 448 803 490 τοῖς
844 436 996 490 ἄλλοις
1033 440 1322 494 μεταδιδόναι
1353 443 1622 499 φιλοτίμως,
1654 443 1725 484 καὶ
1756 443 2024 498 βουλομένου

367 507 431 562 τῷ
460 505 616 563 τρόπῳ
646 505 788 563 τούτῳ
818 505 896 563 τὴν
928 506 1046 551 ἰδίαν
1076 509 1180 564 περὶ
1210 507 1287 551 τὸν
1311 504 1592 567 Ἰσραηλιτῶν
1624 508 1730 552 λαὸν
1753 506 1925 553 εὔνοιαν
1953 513 2026 555 καὶ

366 572 446 630 τὴν
485 578 695 632 χορηγίαν
739 576 816 631 τῆς
856 570 1140 629 εὐδαιμονίας
1177 577 1250 619 καὶ
1291 585 1386 627 τοῖς
1425 574 1575 628 ἄλλοις
1616 575 1945 634 ἐμφανίζεσθαι
1983 577 2029 622 ἐκ
2055 587 2075 620 5

257 643 339 686 238
370 642 541 685 πολλοῦ
577 644 656 685 τοῦ
686 641 921 699 περιόντος
951 638 1102 694 αὐτοῖς
1132 638 1349 695 κᾶκείνοις
1377 644 1717 699 μεταδιδόντων.
1769 642 1791 687 ὁ
1825 644 1872 688 δὲ
1902 645 2027 703 παρὰ

369 711 508 753 ταῦτα
542 709 738 767 ποιήσας
768 709 940 768 πληγὰς
970 712 1052 767 μιᾷ
1091 711 1333 762 λειπούσας
1371 707 1697 768 τεσσαράκοντα
1733 714 1797 768 τιιῦ
1828 712 2027 771 δημοσίῳ

370 777 515 821 σκύτει
547 777 694 833 λαβών
723 782 941 836 τιμωρίαν
962 778 1123 836 ταύτην
1154 779 1381 837 αἰσχίστην
1403 778 1636 836 ἐλεύθερος
1655 777 1926 834 ὑπομενέτω,
1957 775 2028 825 ὅτι

257 848 339 888 239
369 847 433 902 τῷ
462 846 605 901 κέρδει
637 845 875 897 δουλεύσας
911 841 1064 901 ῦβρισε
1092 846 1141 890 τὸ
1177 843 1373 902 ἀξίωμα·
1412 849 1556 898 καλῶς
1585 846 1667 903 γὰρ
1698 845 1799 902 ὑμῖν
1829 848 1916 902 ἔχει
1947 865 2029 892 πε-

369 916 656 971 πειραμένοις
687 913 730 956 ἐν
751 913 974 971 Αἰγύπτῳ
997 917 1236 973 συμφορῶν
1265 917 1338 959 καὶ
1367 914 1480 958 κατὰ
1509 915 1588 972 τὴν
1611 915 1792 972 ἐρημίαν
1813 916 2030 972 πρόνοιαν

369 983 457 1023 τῶν
488 979 532 1024 ἓν
562 989 657 1032 τοῖς
688 978 864 1036 ὁμοίοις
893 979 1180 1039 ὑπαρχόντων
1202 986 1454 1036 ποιεῖσθαι,
1485 985 1556 1026 καὶ
1578 983 1786 1037 τυχόντας
1817 979 2030 1040 εὐπορίας

371 1048 418 1100 ἐξ
446 1047 568 1092 ἐλέου
599 1051 670 1092 καὶ
693 1054 909 1106 προνοίας
928 1052 1006 1093 τοῦ
1026 1052 1140 1094 θεοῦ
1160 1050 1238 1107 τὴν
1262 1047 1394 1108 αὐτὴν
1414 1051 1576 1110 ταύτην
1598 1050 1645 1102 ἐξ
1669 1048 1826 1106 ὁμοίου
1849 1051 2030 1102 πάθους

372 1113 656 1173 ἀπομερίζειν
687 1127 781 1168 τοῖς
812 1118 1050 1173 δεομένοις.

258 1189 340 1229 240
484 1188 551 1229 22.
588 1190 697 1236 Ταῖς
729 1185 775 1228 δὲ
807 1185 1010 1236 δεκάταις
1039 1194 1137 1237 ταῖς
1168 1187 1312 1240 δυσίν,
1355 1186 1406 1236 ἃς
1437 1186 1561 1238 ἔτους
1591 1187 1775 1230 ἑκάστου
1812 1195 2032 1239 προεῖπον

369 1253 530 1305 τελεῖν,
562 1251 640 1308 τὴν
670 1253 750 1308 μὲν
787 1262 883 1304 τοῖς
912 1258 1154 1307 Λευίταις,
1191 1253 1270 1311 τὴν
1302 1250 1342 1297 δ’
1388 1254 1539 1311 ἑτέραν
1579 1254 1692 1311 πρὸς
1726 1253 1806 1304 τὰς
1836 1249 2032 1308 εὐωχίας,

370 1324 521 1378 τρίτην
552 1319 666 1377 πρὸς
698 1317 851 1372 αὐταῖς
880 1320 991 1364 κατὰ
1021 1320 1070 1365 τὸ
1105 1321 1201 1373 ἔτος
1231 1327 1380 1379 τρίτον
1412 1326 1651 1380 συμφέρειν
1683 1322 1746 1373 εἷς
1777 1322 2034 1379 διανέμησιν

260 1394 337 1434 241
372 1390 460 1431 τῶν
492 1383 796 1440 σπανιζόντων
833 1388 1005 1444 γυναιξί
1033 1406 1081 1432 τε
1106 1389 1262 1446 χήραις
1299 1392 1372 1434 καὶ
1403 1392 1562 1435 παισὶν
1601 1386 1838 1448 ὀρφανοῖς·
1868 1391 1957 1432 τῶν
1988 1383 2029 1432 δ’

372 1453 550 1512 ιῦραίων
571 1451 595 1500 ὅ
616 1474 659 1499 τι
680 1457 754 1500 καὶ
785 1459 964 1514 πρῶτον
995 1456 1165 1514 ἑκάστῳ
1196 1458 1299 1516 τύχῃ
1320 1459 1552 1515 γενόμενον
1584 1458 1647 1509 εἰς
1675 1457 1725 1502 τὸ
1760 1457 1877 1514 ἱερὸν
1908 1474 2035 1512 κομι-

374 1523 578 1577 ζέτωσαν,
610 1526 681 1567 καὶ
713 1523 791 1568 τὸν
821 1523 932 1568 θεὸν
968 1521 1080 1581 ὑπὲρ
1110 1527 1187 1582 τῆς
1219 1524 1500 1584 ἐνεγκαμένης
1539 1522 1643 1570 αὐτὸ
1675 1528 1771 1582 yffi,
1802 1524 1854 1583 ἣν
1886 1519 2037 1576 αὐτοῖς

373 1591 628 1649 κτήσασθαι
658 1595 888 1649 παρέσχεν,
921 1588 1232 1650 εὐλογήσαντες
1262 1597 1427 1645 θυσίας
1460 1593 1511 1645 ἃς
1542 1591 1563 1637 ὁ
1598 1593 1731 1649 νόμος
1753 1589 1904 1644 αὐτοῖς
1935 1591 2036 1636 ἐπι-

377 1663 527 1717 φέρειν
557 1660 723 1703 κελεύει
745 1659 1076 1712 ἐπιτελέσαντες
1105 1661 1274 1704 τούτων
1302 1661 1358 1704 τὰ
1380 1663 1618 1718 προτέλεια
1647 1671 1742 1712 τοῖς
1775 1662 1935 1718 ἱερεῦσι
1969 1660 2036 1704 δι-

263 1733 344 1774 242
377 1727 590 1771 δότωσαν.
651 1727 833 1772 ἐπειδὰν
865 1729 911 1771 δὲ
930 1728 1070 1771 ταῦτά
1100 1745 1168 1779 τις
1197 1729 1392 1785 ποιήσας
1421 1732 1494 1773 καὶ
1525 1729 1704 1773 πάντων
1733 1728 1814 1780 τὰς
1853 1727 2037 1779 δεκάτας

489 1863 510 1906 ξ
535 1865 599 1897 233
625 1879 668 1891 =
692 1863 890 1898 Deuteron.
915 1863 1017 1898 XXV
1043 1866 1080 1907 33
1107 1866 1127 1908 ξ
1154 1867 1218 1899 240
1244 1881 1286 1892 =
1311 1865 1508 1901 Deuteron.
1533 1865 1618 1901 XIV
1644 1868 1698 1909 27,
1722 1865 1843 1901 XXVI
1871 1868 1922 1900 12.

488 1986 790 2023 ROMSPLELat

491 2048 506 2080 1
533 2045 748 2090 *παρίησιν]
774 2041 949 2089 πάρεισιν
972 2042 1037 2078 RO
1136 2039 1398 2090 *α’νθριόποις]
1424 2040 1642 2090 ἀνθρώπων
1666 2045 1736 2079 ML
1762 2040 1958 2092 α’νθρώπω
1984 2045 2037 2081 SP

376 2101 644 2136 transeuntibus
662 2100 731 2135 Lat
824 2102 843 2134 2
866 2103 1131 2147 χορηγοῦντασ
1148 2100 1180 2135 R
1274 2102 1338 2148 τῷ]
1364 2098 1408 2137 τὸ
1427 2101 1570 2136 MSP¹L
1663 2098 1813 2145 μόνοισ,
1838 2115 1898 2138 οισ
1923 2112 1968 2136 ex
1993 2113 2039 2137 ov
2099 2094 2102 2103 ⁴

377 2168 469 2193 corr.
496 2157 528 2192 R
607 2160 625 2192 3
651 2159 717 2206 τῷ]
744 2153 788 2193 τὸ
812 2157 956 2191 MSP¹L
1033 2163 1113 2199 τοῖς
1137 2154 1265 2200 ἄλλοις
1289 2156 1541 2201 μεταδιδόναι]
1567 2155 1706 2194 διδόναι
1733 2158 1771 2192 Μ
1797 2163 1882 2194 τοῖσ
1906 2155 2040 2194 ἅλλοισ

376 2211 518 2251 διδόναι
542 2214 572 2249 L
699 2213 945 2260 βουλομένου]
971 2213 1000 2247 L
1026 2214 1082 2248 ed.
1108 2225 1162 2258 pr.
1187 2211 1428 2260 βουλόμενοσ
1453 2214 1614 2250 ROMSP
1753 2217 1773 2248 4
1798 2211 1868 2251 τὸν
1893 2225 1938 2250 ex
1962 2216 2040 2250 τῶν

377 2281 470 2306 corr.
495 2270 529 2306 R
598 2264 843 2317 Ἰσραηλιτῶν]
869 2273 945 2305 τῶν
969 2270 1194 2316 ἰσραηλιτῶν
1209 2270 1237 2305 Ο
1252 2270 1477 2318 ι’σραηλίτην,
1505 2285 1546 2317 ηι·
1563 2271 1585 2306 i.
1604 2282 1675 2306 ras.
1691 2282 1736 2306 m.
1753 2273 1771 2306 2
1786 2270 1809 2305 S
1880 2273 1897 2304 7
1924 2272 2040 2317 *πλη·

376 2323 458 2374 γὰς]
484 2329 533 2362 πλ
557 2326 580 2361 i.
607 2337 677 2362 ras.
704 2326 747 2369 R,
773 2337 840 2362 om.
867 2326 897 2361 L
996 2328 1075 2376 μιᾷ]
1102 2323 1150 2372 μὴ
1177 2327 1230 2362 SP
1330 2330 1422 2371 μιᾶσ
1447 2326 1648 2373 λειπούσησ
1675 2327 1706 2362 Ε
1799 2323 1985 2363 λιπούσασ
2010 2326 2041 2361 L

490 2385 509 2418 8
535 2380 742 2430 λαμβάνων
760 2383 792 2418 Ε
885 2386 904 2417 9
929 2382 1028 2428 κέρδι
1048 2382 1079 2418 R
1172 2383 1491 2430 πεπειρασμέιόισ
1515 2384 1548 2419 R
1644 2387 1682 2418 10
1707 2381 1906 2430 πρόνοιαν.
1931 2392 2042 2429 supra

376 2487 412 2509 οι
436 2476 535 2517 nota,
559 2484 666 2519 quam
690 2484 761 2508 non
787 2473 939 2518 expedio
966 2472 994 2508 O
1098 2476 1135 2506 12
1161 2471 1201 2515 ἐξ
1223 2471 1331 2509 ἐλέου
1354 2476 1413 2509 καὶ
1440 2475 1628 2519 προνοίας
1653 2485 1720 2509 om.
1747 2473 1810 2509 Ro
1910 2451 2042 2512 ἐλέίου

377 2530 416 2565 M
509 2531 658 2576 ταύτην]
684 2527 786 2572 τάξιν
804 2529 833 2564 O
928 2526 1063 2573 ὃμοιόι·
1088 2527 1247 2571 πάθους]
1275 2526 1545 2573 ὁλιιοιοπιιθοῦσ
1567 2530 1596 2564 L
1692 2532 1730 2564 14
1756 2530 1795 2567 δὲ
1819 2541 1886 2566 0111.
1901 2531 2042 2568 ROME

495 2591 534 2622 15
560 2583 658 2629 *τὰς
682 2582 851 2632 εὐωχίας]
877 2583 943 2632 τὴν
967 2582 1131 2632 εὐωχίαν
1156 2586 1184 2621 Ο
1289 2589 1326 2620 16
1354 2584 1491 2632 *πρὸςΙ
1518 2593 1603 2622 ταῖσ
1629 2586 1657 2622 Ο
1758 2583 1830 2623 *τὸ
1858 2598 1925 2622 om.
1951 2588 2041 2623 Din-

379 2644 464 2680 dors
553 2645 694 2691 τρίτον]
720 2640 764 2678 τὸ
792 2643 923 2688 τρίτον
947 2643 979 2678 Ε
1089 2647 1124 2676 1ῖ
1153 2645 1291 2682 παισὶν]
1318 2645 1432 2678 πᾶσιν
1456 2643 1494 2677 M
1600 2646 1641 2677 2⁴)
1667 2644 1813 2686 θυσίας]
1840 2645 1976 2680 θυσιάσ
2001 2656 2040 2681 τε

380 2701 411 2736 Ε
542 2703 582 2736 21
610 2699 919 2742 *ἐπιτελέσαντες
943 2697 1090 2736 τοί-των
1115 2696 1159 2735 τὰ
1187 2698 1399 2744 προτέλεια]
1426 2697 1610 2736 ἐπιτέλεια
1637 2699 1700 2734 RO
1828 2700 2041 2745 προτέλεια]

787 2771 817 2792 ω

380 2787 594 2838 πρωτόλεια
619 2790 707 2827 SPE
734 2790 933 2836 προτέλεια
957 2790 986 2825 L
1006 2791 1193 2836 primitias
1217 2789 1287 2824 Lat
1356 2787 1598 2826 *διδιὸτωσαν
1622 2790 1651 2824 L
1723 2793 1765 2825 22
1792 2803 1846 2832 τις
1870 2787 2041 2837 ποιήσας]

380 2845 625 2893 έποιησαστισ
638 2847 676 2882 Μ
702 2845 866 2893 ποιήσασ
892 2860 950 2883 τισ
968 2847 1089 2882 SPLE
1183 2843 1337 2882 πάντων
1353 2865 1390 2870 -
1406 2858 1441 2890 p.
1459 2849 1534 2888 273,
1552 2850 1562 2880 1
1582 2842 1838 2893 ἀπενηνοχὼς]
1863 2850 1898 2881 el
1922 2855 2042 2881 omnes

381 2902 539 2937 decimas
564 2915 636 2938 una
658 2913 736 2937 cum
758 2904 931 2950 prinn'liis
953 2914 1046 2949 quas
1070 2903 1189 2938 lenitis
1212 2907 1245 2937 et
1270 2901 1318 2935 ad
1342 2902 1559 2947 epulandum
1586 2903 1670 2937 dari
1691 2913 1767 2936 mos
1791 2906 1845 2938 est
1869 2901 2043 2948 optulerit

383 2957 454 2993 Lat
546 2956 612 3001 τὰς
638 2957 807 3001 δεκάτας]
835 2959 865 2994 L
891 2962 926 2994 et
951 2970 994 2994 ex
1019 2960 1089 2994 Lat
1113 2958 1272 2994 Bornard
1299 2964 1384 2993 ταῖσ
1409 2955 1587 2994 δεκάταισ
1613 2958 1773 2995 ROMSP
