2160 3439
290 175 369 212 174
772 171 932 215 ANTIQ.
959 171 1054 206 IUD.
1081 171 1134 205 111
1160 173 1292 207 78—84
1315 173 1350 213 (V
1370 173 1464 213 1—A3)

287 287 471 344 ἐχρῶντο
504 286 896 338 πολυτελεστέραις
925 286 997 328 καὶ
1027 286 1090 340 τῷ
1119 284 1270 342 κόσμῳ
1309 276 1504 341 γυναιξὶν
1535 281 1645 339 ὁμοῦ
1675 284 1748 326 καὶ
1777 285 1945 333 τέκνοις

287 354 518 410 ἐκπρεπῶς
547 349 746 410 ἤσκηντο.

219 428 271 467 79
400 426 438 464 2.
478 417 577 465 Ἐπὶ
616 420 692 463 δύο
723 420 802 475 μὲν
834 410 908 463 οῦν
938 417 1104 476 ἡμέρας
1132 414 1421 474 εὐωχούμενοι
1453 419 1622 476 διῆγον,
1659 421 1712 476 τῇ
1741 423 1865 476 τρίτῃ
1898 418 1946 461 δὲ

286 492 391 547 πρὶν
421 488 498 532 τὸν
533 484 657 546 ἥλιον
697 483 900 542 ἀνασχεῖν
942 488 1101 545 νεφέλη
1140 503 1187 529 τε
1223 483 1429 543 ὑπεράνω
1472 483 1624 541 ἀνέσχε
1661 489 1739 530 τοῦ
1778 485 1946 538 παντὸς

286 557 588 614 στρατοπέδου
619 559 706 599 τῶν
731 553 942 613 Ἑβραίων
985 550 1034 598 οῦ
1074 554 1292 611 πρότερον
1323 557 1450 598 τοῦτο
1493 555 1676 598 ἰδόντων
1714 554 1948 611 γενόμενον
1976 564 1995 596 5

219 631 270 671 80
287 627 360 669 καὶ
390 625 438 669 τὸ
468 629 630 681 χωρίον
661 620 711 667 οὗ
741 623 821 674 τὰς
861 621 1020 681 σκηνὰς
1056 613 1168 679 ῆσαν
1207 626 1502 681 πεποιημένοι
1540 625 1833 680 περιέγραφε,
1872 623 1946 665 καὶ

284 696 361 737 τοῦ
393 694 554 737 λοιποῦ
584 691 754 743 παντὸς
785 691 828 735 ἐν
861 691 1022 748 αἰθρίᾳ
1052 690 1337 747 τυγχάνοντος
1369 687 1523 745 ἄνεμοί
1552 707 1600 734 τε
1637 690 1829 748 σφοδροὶ
1869 689 1947 732 λά-

282 766 389 818 βρον
419 763 639 812 κινοῦντες
678 757 806 803 ὑετὸν
844 758 1092 816 κατῄγιζον,
1137 754 1366 815 ἀστραπαί
1396 774 1445 801 τε
1483 749 1594 815 ἦσαν
1633 760 1821 816 φοβεραὶ
1852 767 1948 809 τοῖς

284 827 445 887 ὁρῶσι,
496 831 570 872 καὶ
617 829 818 886 κεραυνοὶ
860 829 1194 881 κατενεχθέντες
1239 826 1419 884 ἐδήλουν
1459 825 1538 882 τὴν
1582 831 1833 882 παρουσίαν
1870 829 1948 870 τοῦ

218 900 266 940 81
287 900 398 941 θεοῦ
429 896 495 947 οἷς
525 899 725 954 ,Μωυσῆς
764 895 933 953 ἔχαιρεν
974 891 1179 950 εὐμενοῦς
1216 893 1559 951 παρατυχόντος.
1617 896 1690 937 καὶ
1729 897 1831 951 περὶ
1869 895 1949 950 μὲν
1979 903 2016 935 10

283 966 450 1009 τούτων
482 962 543 1015 ῶς
571 964 780 1020 βούλεται
811 967 1030 1022 φρονείτω
1063 963 1244 1014 ἕκαστος
1273 965 1361 1006 τῶν
1399 961 1731 1016 ἐντευξομένων,
1773 962 1869 1018 ἐμοὶ
1901 962 1948 1005 δὲ

286 1031 447 1092 ἀνάγκη
478 1035 618 1076 ταῦτα
651 1033 841 1089 ἱστορεῖν
871 1031 1081 1086 καθάπερ
1114 1031 1157 1075 ἓν
1187 1040 1285 1082 ταῖς
1323 1032 1461 1087 ἱεραῖς
1498 1031 1672 1085 βίβλοις
1709 1026 1948 1088 ἀναγέγρα-

286 1120 410 1146 πται.
447 1118 549 1152 τους
572 1101 619 1144 δὲ
645 1098 869 1157 Ἑβραίοις
889 1100 944 1142 τά
965 1117 1012 1143 τε
1033 1097 1236 1157 ὁρώιιενα
1257 1100 1329 1142 καὶ
1361 1095 1383 1142 ὁ
1406 1107 1504 1149 ταῖς
1535 1094 1689 1149 ἀκοαῖς
1719 1095 1948 1154 προσβάλ-

220 1174 271 1215 82
290 1173 375 1215 λων
407 1169 560 1228 ψόφος
593 1169 746 1218 δεινῶς
777 1168 1031 1225 ἐτάραττεν,
1073 1164 1232 1225 ἀήθεις
1262 1183 1309 1210 τε
1343 1165 1424 1223 γὰρ
1463 1165 1574 1224 ῆσαν
1616 1162 1779 1219 αὐτῶν,
1820 1168 1894 1210 καὶ
1923 1163 1946 1209 ὅ

286 1241 390 1296 περὶ
409 1240 487 1281 τοῦ
518 1234 647 1294 όροις
678 1236 1040 1295 διαπεφοιτηκὼς
1071 1236 1198 1292 λόγος
1229 1234 1289 1286 (ὃς
1321 1251 1382 1285 εις
1409 1230 1512 1278 αἰτὸ
1536 1236 1665 1278 τοῦτο
1704 1237 1951 1293 φοιτῶντος
1981 1243 2016 1276 15

283 1310 361 1351 τοῦ
391 1308 503 1350 θεοῦ
534 1305 710 1364 σφόδρα
739 1304 818 1362 τὴν
859 1305 1060 1348 διάνοιαν
1103 1300 1244 1347 αὐτῶν
1276 1302 1522 1361 ἐξέπληττε.
1573 1312 1770 1357 κατεῖχον
1802 1297 1843 1346 δ’
1871 1299 1948 1346 αὖ·

284 1375 386 1426 τοὺς
416 1373 530 1432 πρὸς
550 1383 648 1425 ταῖς
679 1382 857 1430 σκηναῖς
889 1369 1132 1428 ἀχθόμενοι
1161 1374 1234 1416 καὶ
1270 1372 1347 1416 τόν
1368 1388 1415 1415 τε
1436 1373 1636 1429 Μωυσῆν
1667 1367 1949 1414 ἀπολωλέναι

288 1443 537 1500 νομίζοντες
556 1438 636 1485 ὑπ’
663 1437 794 1498 ὀργῆς
813 1443 892 1484 τοῦ
912 1443 1023 1484 θεοῦ
1044 1442 1118 1484 καὶ
1140 1442 1243 1498 περὶ
1266 1436 1408 1483 αυτῶν
1431 1435 1566 1496 όμοια
1601 1439 1948 1496 προσδοκῶντες.

220 1515 272 1556 83
405 1516 442 1556 3.
495 1505 646 1561 Οὕτως
677 1505 718 1552 δ’
754 1505 897 1552 αὐτῶν
928 1509 1212 1564 διακειμένων
1244 1507 1531 1589 επιφαίνεται
1561 1509 1761 1565 Μωυσῆς
1790 1503 1950 1564 γαῦρός

287 1597 334 1624 τε
365 1582 438 1623 καὶ
469 1581 578 1635 μέγα
611 1580 800 1636 φρονῶν.
862 1573 1028 1635 ὀφθείς
1057 1594 1105 1620 τε
1136 1575 1211 1621 οῦν
1244 1573 1374 1628 αὐτὸς
1406 1571 1686 1620 ἀπαλλάσσει
1715 1577 1794 1619 τοῦ
1825 1575 1950 1625 δέους
1978 1583 2014 1616 20

290 1645 449 1698 αὐτοὺς
479 1649 549 1690 καὶ
583 1649 687 1703 περὶ
707 1648 794 1689 τῶν
825 1645 1075 1701 μελλόντων
1105 1649 1357 1700 κρείττονας
1376 1642 1619 1688 ὑπετίθετο
1641 1642 1720 1695 τὰς
1751 1642 1948 1696 ελπίδας,

290 1716 471 1773 αἴθριός
500 1732 547 1758 τε
577 1716 650 1758 καὶ
681 1713 881 1771 καθαρὸς
911 1711 933 1758 ὁ
970 1709 1052 1770 ἀὴρ
1083 1716 1170 1757 τῶν
1216 1712 1303 1771 πρὸ
1337 1709 1486 1769 ὀλίγου
1523 1714 1689 1755 παθῶν
1718 1702 1771 1769 ῆν
1808 1715 1950 1755 Μωυ-

222 1789 273 1828 84
293 1789 391 1836 σέος
422 1782 787 1840 παραγεγονότος.
848 1781 923 1825 ἐπὶ
955 1781 1129 1832 τούτοις
1161 1773 1235 1825 οῦν
1266 1783 1470 1838 συγκαλεῖ
1498 1781 1546 1824 τὸ
1580 1782 1759 1837 πλῆθος
1789 1780 1852 1831 εἷς
1882 1779 1950 1823 ἕκ-

287 1856 470 1912 κλησίαν
503 1848 796 1905 ἀκοισόιιενον
827 1846 888 1892 ῶν
919 1849 940 1892 ὁ
973 1848 1084 1900 θεὸς
1115 1850 1167 1893 εί
1159 1867 1237 1893 τοι
1269 1848 1383 1906 πρὸς
1415 1844 1567 1901 αἰτόν,
1604 1850 1675 1892 καὶ
1708 1851 1948 1904 σιναθροι-

289 1925 488 1965 σθέντων
521 1919 627 1969 στὰς
659 1917 733 1962 επὶ
764 1915 936 1975 ὑψηλοῦ
962 1934 1093 1970 τινος,
1125 1912 1235 1959 όθεν
1266 1916 1445 1971 ε’μελλον
1477 1916 1640 1967 πάντες
1663 1911 1947 1969 ἀκούσεσθαι,
1979 1924 2015 1956 25

401 2047 420 2088 ξ
447 2047 488 2079 78
514 2060 557 2072 =
582 2043 732 2079 Exodus
756 2041 843 2077 XIX
870 2044 922 2076 14.

401 2155 862 2194 ROMSPLELatZonaras
887 2155 904 2189 I
928 2166 962 2200 p.
990 2157 1044 2189 62.

406 2219 418 2249 1
448 2213 628 2261 ἐχρῶντο,
655 2226 676 2260 ρ
702 2223 793 2247 corr.
821 2211 892 2246 uid.
920 2221 964 2246 ex
990 2214 1035 2253 θ,
1060 2213 1091 2245 ὦ
1115 2221 1159 2245 ox
1185 2223 1204 2245 o
1231 2210 1254 2245 S
1279 2208 1487 2255 ἐχρῶντο,
1512 2220 1603 2244 eras.
1631 2212 1656 2245 9
1680 2210 1708 2245 Ρ
1837 2206 1948 2255 ὁμοῦ]

292 2271 388 2317 ὁμοῦ
413 2271 452 2308 τὲ
477 2271 548 2306 ML
679 2272 698 2304 2
722 2268 931 2313 ἐκπρεπῶς]
957 2263 1159 2312 εῦπρεπῶσ
1183 2266 1300 2301 OSPL
1325 2266 1490 2301 decenter
1515 2266 1584 2301 Lat
1710 2269 1728 2300 3
1759 2267 1856 2311 *μὲν
1881 2261 1948 2303 οὖν

290 2341 357 2365 om.
385 2329 422 2363 M
515 2324 704 2373 *ἡμέραισ
728 2326 781 2361 SP
875 2329 895 2360 4
921 2327 1019 2371 πρὶν]
1047 2326 1134 2370 πρὶν
1158 2320 1180 2369 ἢ
1196 2323 1356 2358 MSPLE
1449 2320 1625 2369 ὑπεράνω
1651 2317 1797 2370 α’νὲσχε]
1822 2320 1946 2370 ὑπερί-

289 2389 378 2431 ζανε
402 2383 565 2421 MSPLE
589 2383 733 2430 operuit
756 2382 828 2417 Lat
934 2384 952 2415 5
978 2377 1147 2421 ἰδόντων]
1173 2377 1328 2416 εἰδότων
1354 2379 1382 2414 O
1487 2378 1689 2427 γινόμενοι·
1713 2380 1857 2415 Bekker

290 2447 309 2477 ὓ
333 2440 441 2485 *τάς]
466 2439 511 2478 τὰ
537 2441 576 2475 Μ
656 2439 934 2487 *περιέγραᾳεν
958 2437 1084 2472 MS·P¹
1172 2440 1188 2470 ἰ’
1217 2439 1357 2481 λαῦροι·
1382 2436 1414 2470 Ε
1496 2440 1514 2471 S
1539 2433 1754 2482 κατῄγιζον]
1781 2436 1812 2471 Ε
1836 2433 1948 2482 κατή-

287 2503 394 2545 κιζον
412 2499 449 2534 Μ
473 2494 726 2542 κατεκόμιζον
743 2496 806 2531 Ro
830 2493 1088 2540 κατεφέροντο
1109 2493 1194 2528 SPL
1214 2493 1369 2538 undiquc
1391 2493 1601 2533 ferebantur
1618 2493 1687 2528 Lat
1756 2493 1946 2539 *φοβεροὶ

290 2558 318 2592 L
412 2560 431 2591 9
458 2552 600 2602 ὁρῶσιν
625 2553 750 2589 MS·P¹
857 2555 895 2586 10
922 2547 1334 2596 οἶς-παρατυχόντος
1360 2561 1426 2585 om.
1453 2550 1523 2585 Lat
1627 2546 1787 2596 ἔχαιρεν]
1813 2546 1947 2595 ἤθελεν

289 2612 449 2649 MSPLE
542 2607 831 2658 παρατυχόντεσ
856 2607 894 2642 Μ
918 2603 1281 2653 παρατυγχάνοντοσ
1307 2606 1337 2640 Ε
1426 2611 1457 2642 ll
1489 2605 1543 2642 ὡσ
1567 2604 1693 2654 βούλει
1721 2606 1749 2641 Ο
1839 2610 1877 2641 13
1894 2606 1946 2648 δὲ]

291 2667 326 2705 δ’
345 2670 373 2704 O
402 2682 436 2705 τε
457 2668 494 2702 Μ
520 2667 560 2713 γὲ
586 2678 629 2702 ex
656 2667 695 2703 τὲ
721 2677 811 2701 corr.
827 2665 856 2700 L
882 2678 923 2711 γε
947 2661 1020 2710 μὴν
1037 2663 1069 2698 Ε
1165 2666 1202 2697 14
1229 2660 1349 2709 α’ἠθησ
1376 2664 1405 2698 L
1497 2657 1602 2709 ἦσαν]
1630 2657 1672 2709 ἦν
1689 2663 1719 2697 L
1811 2659 1946 2704 αὐτῶν,

291 2729 345 2762 ῶν
369 2737 412 2761 ex
438 2727 468 2760 ὦ
494 2735 585 2759 corr.
612 2724 641 2758 L
726 2726 765 2758 1ss
790 2720 1010 2768 ἐξέπληττεν
1035 2720 1159 2755 MS¹P¹
1240 2720 1277 2756 δὲ
1303 2720 1427 2755 MSPL
1510 2716 1651 2756 admi-o
1676 2720 1759 2754 S¹P¹
1786 2716 1947 2756 §cu-roim

293 2784 324 2818 E
431 2785 467 2817 17
495 2783 745 2826 *ταῖσκηναῖσ
771 2780 809 2814 S¹
924 2782 961 2814 18
986 2775 1059 2815 ὑπὸ
1085 2777 1138 2812 SP
1253 2773 1378 2812 αἰτῶν
1403 2777 1478 2811 P²L
1595 2779 1890 2824 προσδοκῶντοσ
1916 2775 1945 2810 Ο

409 2843 447 2873 19
473 2832 584 2877 offla».
611 2853 640 2873 ω
666 2848 709 2872 ex
736 2848 782 2872 οσ
807 2847 899 2871 corr.
925 2835 962 2870 M
1083 2834 1120 2870 ὸὲ
1144 2834 1171 2869 I‘
1286 2836 1327 2867 2⁰
1354 2829 1576 2871 ιῖπιιλιέυσει,
1602 2847 1654 2870 πα
1680 2833 1701 2867 i.
1718 2844 1786 2868 ras.
1803 2844 1845 2867 m.
1864 2836 1882 2867 2
1908 2833 1945 2867 M

292 2890 520 2933 ἀπαλλάττει
547 2895 655 2929 EZon
744 2897 778 2927 21
811 2895 907 2938 περὶ]
934 2893 1017 2938 περὶ
1043 2891 1112 2936 μὲν
1136 2890 1165 2925 Ο
1281 2892 1322 2924 22
1349 2887 1397 2925 *ὁ
1424 2901 1489 2924 om.
1518 2890 1553 2924 M
1629 2887 1731 2937 *πρὸ
1759 2885 1890 2936 ὀλίγον
1915 2889 1946 2924 R.

403 2951 586 2997 [ιωύσέωιῐ
611 2950 704 2985 MSI‘
810 2953 849 2983 ’,Η
877 2949 955 2985 εἶ’πε
981 2949 1011 2983 L
1105 2951 1146 2982 25
1171 2944 1243 2988 ἐπὶ]
1267 2942 1332 2991 ἐφ’
1360 2947 1390 2981 E
1482 2941 1650 2983 ι’ἶπαντεσ
1676 2947 1802 2982 MSPL
