2091 3418
584 172 742 216 ANT1Q.
771 172 864 208 lun.
892 172 941 206 111
969 176 1052 207 2—·1
1079 176 1102 211 (ι
1123 179 1147 205 ι.
1166 180 1196 214 2,
1639 175 1712 211 159

59 288 394 344 δαπανηθέντος
434 285 477 328 ἐκ
519 286 722 342 φρεάτων
764 286 996 329 ε’,ἰόιοῦνιο
1033 285 1110 343 την
1152 284 1326 341 ὑδρείαν
1372 286 1601 337 ἐπιπόνως
1641 286 1714 329 διὰ

60 354 329 412 σκληρότητα
359 355 435 410 τῆς
464 356 556 410 γης,
590 356 661 397 καὶ
691 353 740 396 τὸ
776 351 1080 409 εὖρισκόμενον
1112 355 1157 397 δὲ
1190 354 1347 410 πικρὰν
1379 352 1474 397 ἀλλ’
1503 352 1552 397 οὐ
1585 354 1714 398 πότι-

58 441 140 477 μον
171 414 241 479 ἦν,
283 423 355 465 καὶ
384 424 513 464 τοῦτο
554 422 599 464 δὲ
639 422 841 466 σπάνιον.
904 420 1189 480 ά([ικνοι”·ι’τιιι
1227 423 1273 465 δὲ
1304 425 1458 465 τοῦτον
1489 420 1716 473 ὁδεύοντες
1739 424 1762 464 3

58 490 135 534 τὸν
166 489 332 547 τρόπον
363 491 463 546 περὶ
497 490 643 548 δείλην
674 487 813 546 ὀψίαν
845 491 906 540 εἰς
947 490 1051 546 Μὰρ
1082 491 1223 533 τόπον
1255 486 1393 540 οἵτως
1425 490 1498 533 διὰ
1530 490 1607 548 τὴν
1637 492 1714 533 τοῦ

10 568 28 598 5
59 554 216 608 ’ὕδατος
254 561 404 601 κακίαν
445 555 763 613 ὀνομάσαντες’
802 558 891 615 μὰρ
921 559 1002 615 γὰρ
1041 556 1062 616 ἡ
1097 562 1252 614 πικρία
1285 559 1467 614 λέγεται.
1527 561 1597 602 καὶ
1639 555 1716 601 αὖ-

59 626 166 670 τόθι
196 626 631 683 τεταλαιπωρημένοι
662 630 724 683 τῷ
755 644 802 670 τε
834 637 997 681 συνεχεῖ
1036 630 1112 684 τῆς
1153 624 1415 682 ὁδοιπορίας
1453 629 1525 669 καὶ
1557 630 1609 684 τῇ
1639 630 1716 684 τῆς

59 696 224 752 τροφῆς
255 690 445 751 ἀπορίᾳ,
486 696 556 755 καί
597 694 678 751 γὰρ
717 691 809 738 τότ’
838 691 995 745 αὐτοὺς
1025 696 1202 745 τελείως
1245 694 1543 746 ἐπιλελοίπει,
1583 695 1716 737 κατά-

58 775 228 819 γονται·
262 764 402 819 φρέαρ
423 761 505 818 γὰρ
538 759 598 818 η’ν,
631 762 698 805 διὸ
732 765 802 806 καὶ
834 764 999 817 μᾶλλον
1021 763 1208 817 ἔμειναν,
1241 758 1333 805 οὐδ’
1361 758 1464 804 αὐτὸ
1487 763 1566 816 μὲν
1591 761 1716 818 ἐξαρ-
1740 767 1763 804 4

59 839 147 874 κεῖν
179 829 416 884 δυνάμενον
455 830 650 911 τοσοιῗτιέ)
691 833 884 887 στρατῷ,
921 836 1129 887 βραχεῖαν
1163 833 1314 885 μέντοι
1332 832 1535 909 παρέχον
1568 826 1716 881 αὐτοῖς

0 908 28 939 :0
59 894 275 953 εὐθιμίαν
308 897 351 940 ἐν
383 897 563 949 ἐκείνοις
595 896 776 955 εὑρεθὲν
810 908 904 949 τοῖς
940 902 1138 954 χωρίοις·
1190 900 1260 941 καὶ
1292 897 1374 955 γὰρ
1407 894 1561 955 η’κουον
1592 897 1715 954 παρὰ

58 969 145 1010 τιῦν
186 965 505 1046 ἐξερευιώιτιιη
544 968 678 1024 μηδὲν
710 967 967 1023 ἔμπροσθεν
1006 965 1260 1021 βαδίζουσιν
1293 972 1419 1010 εἰναι.
1479 965 1637 1023 πικρὸν
1670 966 1716 1009 δὲ

59 1035 194 1078 έκεῖνο
225 1034 274 1078 τὸ
309 1030 424 1090 ἱδωρ
455 1037 527 1078 καὶ
559 1031 598 1077 ἰὶ
597 1051 727 1078 τοτον
756 1036 807 1077 ϊν
840 1030 914 1077 οὐκ
937 1030 1199 1091 ἀνθρώποις
1220 1034 1356 1089 μόνον
1387 1030 1499 1077 ἀλλὰ
1530 1036 1602 1078 καὶ
1623 1044 1718 1085 τοῖς

61 1099 312 1158 ὑποζυγίοις
343 1098 578 1160 ἀφόρητον.

173 1174 210 1214 2.
249 1168 384 1227 Ὁριῦν
407 1168 446 1213 δ’
469 1168 491 1214 ὁ
512 1173 710 1226 *Μωυσῆς
739 1166 925 1225 ἀθύμως
947 1171 1246 1226 διακειμένους
1266 1173 1339 1214 καὶ
1359 1172 1437 1214 τοῦ
1458 1170 1718 1227 πράγματος
1741 1176 1764 1213 5

0 1214 27 1307 {5
56 1237 105 1281 τὸ
140 1234 454 1291 ἀναντίλεκτον,
488 1234 536 1281 οὗ
567 1237 648 1294 γὰρ
687 1238 888 1296 καθαρὸς
928 1229 977 1295 ἧν
1018 1238 1206 1295 στρατὸς
1236 1234 1349 1282 ὥστε
1379 1241 1442 1294 τῷ
1470 1238 1716 1295 βιαζομένῳ

0 1309 3 1366 Ι
59 1309 136 1364 τῆς
167 1303 352 1364 ἀνάγκης
383 1302 612 1357 ἀντιτάξαι
641 1306 690 1350 τὸ
733 1303 945 1361 ἀνδρεῖον,
988 1302 1100 1349 ἀλλὰ
1142 1307 1374 1364 διέφθειρε
1402 1305 1452 1350 τὸ
1485 1302 1581 1349 κατ’
1608 1305 1717 1349 ἐκεί-

60 1390 160 1424 νους
188 1383 385 1431 γενναῖον
416 1375 591 1418 παίδων
621 1392 668 1418 τε
698 1377 771 1418 καὶ
808 1377 1022 1431 γυναικῶν
1061 1372 1188 1429 ὄχλος
1220 1372 1537 1431 ἀσθενέστερος
1565 1377 1642 1431 τῆς
1673 1374 1718 1417 ἐκ

61 1442 199 1499 λόγων
231 1443 536 1496 διδασκαλίας,
576 1442 620 1486 ἐν
646 1444 972 1500 χαλεπωτέροις
1002 1434 1054 1499 ἦν
1091 1442 1169 1500 τὴν
1200 1441 1434 1524 συμφορὰν
1464 1441 1541 1499 τὴν
1573 1439 1716 1485 ἁπάν-

59 1527 145 1554 των
186 1510 304 1554 ἰδίαν
345 1507 477 1554 αὐτοῦ
516 1511 805 1566 ποιούμενος·
854 1510 1039 1568 καὶγὰρ
1072 1506 1166 1554 οὐδ’
1193 1507 1266 1554 ἐπ’
1293 1507 1425 1553 αλλον
1463 1527 1562 1553 τινα
1594 1513 1715 1553 σινέ-
1740 1514 1764 1554 6

59 1595 209 1635 τρεχον
242 1574 339 1621 ἀλλ’
368 1575 441 1622 ἐπ’
470 1575 622 1632 αυτόν,
663 1574 994 1634 ἀντιβολοῦντες
1023 1578 1179 1634 γύναια
1217 1579 1296 1634 μὲν
1326 1575 1439 1635 υπὲρ
1471 1581 1642 1635 νηπίων
1674 1578 1717 1620 οἱ

61 1643 100 1690 δ
129 1644 283 1704 ἄνδρες
313 1644 424 1703 ὑπὲρ
457 1646 629 1690 ἐκείνων
660 1646 717 1704 μὴ
750 1649 975 1703 περιορᾶν,
1009 1641 1107 1689 ἀλλ’
1135 1646 1378 1704 ἐκπορίζειν
1402 1642 1553 1697 αὐτοῖς
1575 1663 1717 1704 αφορ-

59 1715 144 1772 μήν
174 1733 273 1759 τινα
305 1719 535 1773 σωτηρίας.
596 1714 800 1759 ικετεύειν
831 1713 905 1758 οὐν
941 1717 1153 1771 τρέπεται
1190 1714 1267 1758 τὸν
1305 1713 1416 1758 θεὸν
1453 1715 1717 1770 μεταβαλεῖν

59 1782 109 1826 τὸ
142 1778 259 1839 ὕδωρ
291 1782 335 1826 ἐκ
363 1786 440 1840 τῆς
478 1782 705 1841 παρούσης
741 1787 895 1834 κακίας
932 1784 1006 1826 καὶ
1041 1782 1232 1837 πότιμον
1272 1778 1421 1833 αὐτοῖς
1458 1792 1716 1840 παρασχεῖν.

60 1852 133 1894 καὶ
163 1850 508 1902 κατανεύσαντος
544 1852 622 1894 τοῦ
660 1853 772 1894 θεοῦ
808 1850 887 1908 τὴν
922 1850 1050 1907 χάριν
1091 1849 1238 1906 λαβὼν
1272 1850 1466 1905 τομάδος
1504 1849 1553 1894 τὸ
1588 1847 1718 1907 ἄκρον
1740 1855 1762 1894 7

13 1931 27 1940 '
61 1917 106 1962 ἐν
136 1921 271 1963 ποσὶν
302 1917 559 1977 ἐρριμμένης
591 1919 754 1976 διαιρεῖ
790 1922 927 1977 μέσην
965 1920 1038 1962 καὶ
1076 1918 1186 1962 κατὰ
1216 1918 1265 1962 τὸ
1306 1921 1442 1976 μῆκος
1472 1917 1550 1975 τὴν
1579 1917 1717 1975 τομὴν

174 2044 194 2088 ξ
221 2044 240 2077 2
264 2042 415 2079 Exodus
437 2042 506 2079 XV
530 2045 583 2078 22.

172 2154 633 2193 ROMSPLELatZdnaras
657 2157 674 2191 I
696 2169 731 2202 p.
759 2159 801 2192 59
811 2168 861 2202 sq.

174 2217 189 2248 1
216 2210 347 2261 ὑδρίαν
370 2214 410 2248 Μ
501 2216 521 2248 2
546 2216 610 2260 τῆς
634 2225 700 2249 0111.
726 2214 790 2249 Ro
899 2215 918 2247 3
943 2215 1070 2254 τοῦτο]
1096 2206 1195 2250 οὕτω
1220 2213 1326 2248 ROM
1430 2216 1450 2247 4
1474 2215 1558 2260 περὶ
1585 2215 1716 2259 δείλην]

61 2270 158 2306 circa
181 2270 382 2305 meridiana
405 2270 476 2305 Lat
583 2267 688 2315 Μὰρ]
713 2265 816 2317 α’μὰρ
842 2270 874 2305 R
898 2267 1060 2317 ιῖμαρον,
1085 2269 1122 2304 in
1145 2280 1257 2314 marg.
1281 2267 1428 2317 μερρὰν
1453 2270 1481 2305 O
1505 2268 1655 2315 μαρτὸν
1677 2270 1717 2304 Μ

60 2323 138 2373 μὰρ
163 2323 232 2363 τὸν
255 2326 307 2362 SP
331 2322 479 2373 μάρτυν
502 2326 533 2361 L
562 2323 638 2371 μὰν
661 2327 860 2362 EZonarae
884 2327 962 2362 cod.
989 2328 1022 2361 A
1046 2337 1125 2360 mar
1149 2326 1220 2362 Lat
1334 2329 1352 2360 5
1377 2323 1468 2373 μὰρ]
1493 2324 1570 2371 μὰν
1593 2326 1715 2361 EZon.

63 2383 141 2418 cod.
165 2384 199 2418 A
290 2385 310 2417 6
335 2384 380 2428 τῇ
405 2382 519 2417 om.R
612 2386 629 2417 Ἰ
655 2379 751 2426 τότ’]
776 2385 839 2419 καὶ
864 2378 993 2419 τότῬ
1018 2378 1168 2419 τοῦτ’Β
1263 2378 1395 2420 αὖτοῖσ
1420 2382 1484 2418 Ro
1577 2382 1718 2419 τελέωσ

61 2439 186 2476 MSPL
277 2435 486 2475 ἐπιλελύπει
503 2438 590 2474 M¹L
683 2442 701 2474 8
726 2439 852 2487 *φρέα
869 2439 909 2474 Μ
1005 2437 1181 2487 έξαρκοῖν
1196 2439 1229 2474 R
1245 2438 1428 2487 ἐξαρκοῦν
1445 2439 1474 2474 O
1567 2441 1586 2473 9
1605 2438 1717 2485 παρέ-

60 2499 144 2542 χον]
170 2501 349 2543 παρεῖχεν
372 2495 402 2530 L
485 2499 522 2530 11
551 2494 830 2542 ἐξερανούντων
854 2496 893 2531 Μ
973 2493 1193 2543 *πικρὸν-
1210 2499 1250 2531 12
1269 2494 1419 2533 ἄποτον
1442 2489 1487 2542 ἦν
1511 2506 1578 2531 0111.
1597 2495 1626 2530 O

63 2548 97 2588 δ’
114 2553 144 2587 L
240 2554 279 2586 12
304 2545 359 2598 ἢν]
385 2548 479 2588 εἶναι
494 2551 569 2587 RM
664 2555 703 2588 13
729 2548 926 2599 ἀφόρητον
951 2553 1136 2588 om.ELat
1230 2555 1270 2586 14
1296 2552 1334 2588 δὲ
1350 2553 1390 2586 Μ
1485 2554 1522 2586 15
1547 2548 1591 2587 τὸ
1618 2547 1719 2589 ἀντί-

63 2612 197 2646 λεκτον
219 2607 317 2643 ROL
422 2605 597 2654 καθαρὸς
620 2603 665 2655 ἦν
689 2605 864 2653 στρατὸς]
891 2610 1056 2644 inimicus
1079 2612 1158 2644 erat
1181 2608 1295 2643 hostis
1320 2609 1390 2643 Lat
1496 2611 1535 2643 17
1561 2610 1716 2650 παίδων]

62 2664 227 2700 Bernard
250 2664 431 2708 infantum
457 2664 528 2700 Lat
551 2669 685 2702 παῖδεσ
708 2667 811 2701 codd.
922 2668 997 2712 τῆς]
1023 2671 1109 2702 τοϊσ
1131 2665 1162 2700 L
1269 2663 1312 2701 ἐκ
1336 2661 1473 2710 λόγων]
1497 2662 1655 2701 ἐκείνων
1678 2666 1718 2700 Μ

178 2723 219 2755 18
244 2722 505 2757 διδασκαλείασ
520 2721 574 2756 M¹
665 2716 721 2768 ἦν]
745 2719 819 2768 γὰρ
844 2716 889 2768 ἧν
905 2721 939 2756 R
1030 2717 1223 2762 ἁπάντων]
1243 2723 1319 2756 τῶν
1343 2717 1524 2757 ἁπάντων
1542 2720 1627 2756 SPL

65 2780 106 2813 20
132 2779 151 2800 *
159 2774 304 2824 γύναια]
328 2783 484 2823 γυναῖκα
502 2778 531 2813 Ο
622 2780 641 2800 *
654 2779 786 2815 νιπίων
801 2778 857 2813 M²
949 2780 990 2812 22
1008 2780 1027 2801 *
1035 2780 1274 2824 μεταβαλεῖν,
1300 2782 1355 2812 εῖν
1377 2776 1401 2811 i.
1415 2787 1486 2812 ras.
1499 2788 1545 2811 m.
1561 2779 1579 2811 2
1605 2778 1628 2813 S

65 2837 117 2869 242
132 2831 309 2879 τομάδος]
340 2829 589 2878 α’ποτομάδοσ
611 2834 789 2870 MSP¹LE
820 2829 898 2871 ἀπὸ
931 2830 1102 2878 τομάδοσ
1124 2833 1182 2875 P2,
1205 2834 1243 2868 in
1265 2843 1375 2877 marg.
1401 2830 1546 2880 ῥάβδου
1570 2833 1600 2869 O
1625 2829 1718 2870 ἄπο-

63 2891 299 2935 κεκομμένου
322 2886 431 2932 ξύλου
454 2890 478 2925 S
594 2894 635 2926 25
661 2889 897 2939 ἐρριμμένησ,
922 2903 961 2934 ιμ
984 2890 1009 2924 i.
1035 2900 1105 2925 ras.
1131 2889 1185 2926 SP
1209 2887 1409 2936 ἐριμμένησ
1433 2889 1466 2925 Ε
1584 2890 1719 2938 *μέσηι

64 2948 118 2983 SP
142 2947 235 2993 μέση
259 2945 290 2981 L
380 2948 444 2982 καὶ
468 2957 534 2982 0111.
562 2947 593 2981 Ε
683 2944 729 2984 τὸ
760 2957 826 2983 om.
851 2946 1014 2982 MSPLE
