2170 3475
344 241 449 277 XXX
1078 238 1273 274 Praefatio.

350 354 540 399 confiniis
570 353 697 408 igitur
726 355 1015 406 excerptorum
1046 351 1181 394 minor
1211 356 1274 395 est
1303 351 1429 406 fides,
1461 356 1507 395 ut
1536 357 1676 396 tamen
1706 352 1834 396 etiam
1864 352 1908 395 in
1937 351 2005 396 his

349 424 595 479 plerumque
623 418 793 473 Iosephi
821 418 954 472 ipsius
983 417 1125 460 uerbis
1154 431 1232 462 usa
1262 418 1358 461 sint.

460 490 633 530 Praeter
663 485 1010 528 Constantiniana
1040 489 1241 540 excerpta
1271 486 1358 528 alia
1386 486 1430 529 in
1462 485 1680 530 codicibus
1710 489 1871 540 extant,
1908 499 2008 540 quo·

354 571 444 600 rum
475 568 583 609 quae
612 553 755 596 inueni
783 565 892 594 nunc
922 552 1108 594 breuiter
1136 554 1392 597 memorabo.

463 622 607 666 Codex
628 620 913 663 bibliothecae
934 619 1068 661 musei
1086 619 1363 674 Neapolitani
1383 635 1443 676 gr.
1466 621 1542 675 III,
1573 622 1619 663 B.
1648 622 1694 663 18
1718 619 2012 675 bombycinus,

348 690 507 734 saeculi
542 690 628 731 fere
658 688 773 741 XIV,
811 687 1006 730 foliorum
1039 688 1115 739 93,
1154 687 1338 730 continet
1378 693 1578 743 excerpta
1616 701 1670 730 ex
1699 688 2011 741 Antiquitatum

350 758 468 801 libris
498 756 784 800 IIH—XVIII
814 758 855 796 et
885 754 988 796 belli
1017 753 1179 796 Iudaici
1210 755 1328 797 libris
1357 755 1400 797 II
1422 768 1513 810 sqq.
1572 755 1691 798 initio
1721 755 1895 797 mutilus
1926 757 2010 807 est3

348 825 495 880 incipit
525 825 634 867 enim
666 837 691 864 a
721 821 861 864 uerbis
892 820 1081 875 (Γαυλα)
1105 819 1118 875 ΙΙ
1142 820 1308 870 νίτιόος
1345 819 1552 875 βασιλεὺς
1583 820 1770 878 στρατὸν
1802 817 1908 877 c'z'yov
1936 821 2011 863 καὶ

353 891 554 935 σπεύδων
585 890 663 944 μὲν
695 886 765 940 ὥς,
798 902 907 941 quae
936 893 1033 931 sunt
1062 888 1235 943 Antiqq.
1266 888 1325 931 IV
1355 891 1379 939 ξ
1400 890 1468 931 96.

466 959 611 1003 Codex
640 957 861 999 Palatinus
892 955 1266 1010 Heidelbergensis
1304 969 1371 998 no.
1400 957 1478 997 129
1518 956 1813 1000 miscellaneus
1854 956 2013 999 saeculi

350 1030 436 1071 fere
466 1027 558 1079 XV,
600 1026 670 1078 qui
705 1024 774 1066 fol.
802 1025 892 1066 132.
920 1026 1010 1066 133.
1039 1026 1256 1065 135—137
1290 1027 1489 1078 excerpta
1530 1036 1583 1066 ex
1620 1023 1791 1078 Iosephi
1830 1023 2011 1078 antiqui-

352 1096 510 1138 tatibus
540 1093 671 1135 habet
700 1091 907 1134 breuiora.
966 1091 1188 1146 incipiunt:
1230 1084 1301 1133 ὅτι
1339 1088 1426 1145 πρὸ
1459 1091 1537 1147 τῆς
1571 1089 1870 1145 παραβάσεως
1901 1087 2013 1144 ὁμό-

353 1180 479 1219 φωνα
503 1161 640 1213 (141),
662 1158 877 1201 desinunt:
900 1160 982 1211 μιᾶ
1003 1159 1147 1215 πληγῇ
1167 1156 1245 1200 τὸν
1265 1157 1391 1213 γάϊον
1413 1156 1694 1212 διειργάσατο
1717 1157 1845 1212 (ΧΙΧ
1871 1162 1904 1201 1.
1929 1158 2011 1214 12).

465 1229 609 1272 Codex
639 1227 923 1269 Baroccianus
955 1226 1241 1269 bibliothecae
1274 1226 1534 1268 Bodleianae
1565 1224 1819 1268 Oxoniensis
1849 1239 1910 1268 nr.
1944 1228 2012 1280 30,

354 1299 547 1342 soliorum
571 1299 635 1349 64,
667 1307 776 1337 saec.
808 1294 910 1336 XIV
940 1294 1133 1348 scriptus,
1164 1294 1349 1337 continet
1380 1297 1580 1347 excerpta
1609 1305 1662 1334 ex
1694 1292 1813 1336 libris
1842 1293 2015 1349 Iosephi

350 1366 524 1410 I-XIL

467 1432 611 1475 Codex
641 1430 944 1474 Ambrosianus
974 1430 1008 1471 E
1042 1431 1092 1470 64
1126 1427 1274 1482 Super.
1307 1427 1540 1470 miscellan.
1581 1440 1719 1482 graec.
1751 1427 2014 1483 chartaceuS,

353 1503 487 1545 forma
518 1503 565 1540 40
595 1499 693 1541 min,
727 1498 910 1541 continet
942 1497 982 1539 in
1021 1496 1133 1539 foliis
1167 1498 1245 1536 125
1277 1508 1338 1549 sq.
1372 1499 1571 1549 excerpta
1601 1508 1654 1537 ex
1692 1496 1898 1550 Iosepho:
1928 1496 2010 1551 pri-

352 1583 464 1613 mum
496 1566 539 1609 ἐκ
569 1567 645 1608 τοῦ
676 1569 825 1619 τρίτου
857 1562 984 1618 λόγου
1015 1565 1097 1618 τῆσ
1125 1562 1317 1618 φλαβιόυ
1350 1560 1553 1616 ἷωσήπου
1586 1560 1815 1619 ἷουόαϊκῆσ
1836 1558 2013 1619 ἀρχαιο-

357 1638 533 1691 λογίασ·
577 1638 622 1676 τί
654 1629 674 1688 ἦ
710 1630 837 1688 σκηνὴ
873 1632 945 1673 καὶ
976 1629 1030 1672 τὰ
1063 1629 1106 1672 ἐν
1138 1628 1246 1684 αὐτῆ
1277 1628 1453 1685 {diff-ov:
1494 1628 1746 1683 θαυμάσειε
1777 1625 1819 1672 δ’
1857 1626 1909 1673 ἄν
1939 1644 2014 1674 τισ

353 1702 430 1746 τὸν
466 1704 712 1757 νομοθέτην
761 1696 826 1742 (ὅσ
866 1702 992 1741 θεῖον
1035 1695 1172 1753 ἄνδρα
1214 1721 1264 1726 ———
1316 1693 1341 1753 ἦ
1380 1696 1574 1751 μάλιστα
1609 1701 1754 1754 χαίρει
1792 1696 1841 1741 τὸ
1882 1700 2013 1742 θεῖον

359 1771 402 1824 (ξ
427 1771 601 1822 17911180
634 1783 673 1824 p.
700 1771 790 1823 194,
827 1770 944 1818 162⁴}
967 1791 1019 1796 —-
1041 1767 1063 1819 ἓ
1088 1769 1161 1808 137
1197 1765 1255 1821 (p.
1281 1768 1374 1820 196,
1397 1766 1452 1819 7).
1484 1765 1673 1818 sequitur
1704 1763 1749 1808 ἔκ
1778 1768 1857 1809 τοῦ
1887 1761 2013 1810 ὃκτο-

359 1836 638 1880 zazoa-Adrou·
671 1837 773 1888 περὶ,
805 1836 881 1877 τοῦ
912 1837 959 1876 κῖ·
994 1831 1114 1889 ἡμῶν
1146 1832 1186 1876 ἷῦ
1214 1836 1266 1887 χῖ)
1300 1833 1583 1876 testimonium
1615 1833 1669 1876 de
1700 1832 1864 1877 Christo
1894 1833 2012 1888 (Ant.

356 1906 501 1948 XVIII
523 1909 558 1947 3.
582 1905 636 1958 3).
660 1911 763 1946 tum:
795 1904 896 1956 περὶ
928 1904 1005 1944 τοῦ
1026 1906 1173 1955 τιμίου
1200 1900 1478 1956 προδρόμου·
1509 1901 1601 1943 τισὶ
1625 1900 1671 1942 δὲ
1691 1902 1779 1942 τῶν
1801 1899 2012 1944 ἷουόαίων

355 1972 493 2015 ἐδόκει
525 1995 578 2001 -—
608 1972 679 2013 καὶ
712 1967 882 2026 ἥρω’ὄην
912 1971 1126 2012 θέλοντεσ
1158 1970 1274 2023 (Ant.
1304 1969 1447 2010 XVIII
1479 1973 1516 2011 5.
1539 1968 1596 2024 2).
1645 1969 1827 2022 denique
1859 1967 1904 2011 ἐκ
1933 1971 2014 2011 τοῦ

354 2044 560 2094 πέμπτοι·
598 2039 770 2092 βιβλίου
801 2040 883 2093 τῆσ
915 2034 1146 2079 ἁλώσεωσε
1185 2032 1282 2078 ἀλλ’
1318 2033 1447 2090 ’ὗμεῖσ
1476 2031 1535 2078 ἵν’
1564 2035 1682 2078 ἐάσω
1712 2034 1767 2078 τὰ
1799 2035 1925 2079 ἔνδον
1955 2059 2012 2067 --

354 2104 638 2163 ἀντιλήψεωσ
667 2104 959 2161 κατεστήσατε
990 2106 1108 2160 (bell.
1131 2105 1221 2148 Iud.
1243 2106 1290 2148 V.
1314 2118 1348 2148 c.
1372 2103 1428 2159 9).

1133 2231 1226 2282 §a

468 2322 697 2373 Postquam
729 2314 895 2362 codices
927 2320 1167 2362 enumeraui
1198 2325 1240 2362 et
1271 2318 1494 2374 descripsi,
1525 2332 1634 2361 nunc
1664 2318 1874 2372 quomodo
1906 2317 2016 2360 inter

355 2404 401 2433 se
437 2388 643 2432 coniuncti
683 2387 765 2429 sint
802 2392 842 2428 et
879 2388 1021 2439 quanti
1061 2388 1239 2440 quisque
1275 2386 1565 2430 aestimandus
1596 2387 1650 2430 sit
1680 2385 1903 2429 dicendum
1937 2389 2012 2428 est.

354 2472 404 2501 ac
434 2457 613 2512 primum
635 2468 686 2496 ne
718 2468 823 2496 unus
845 2455 1013 2507 quidem
1035 2462 1110 2508 est,
1143 2456 1213 2508 qui
1235 2454 1405 2509 Iosephi
1436 2454 1567 2498 uerba
1596 2455 1838 2509 incorrupta
1857 2451 2013 2496 tradat.

358 2525 498 2567 statim
530 2523 639 2564 enim
671 2526 893 2576 postquam
926 2524 1127 2576 Iosephus
1162 2524 1344 2565 maxime
1386 2536 1413 2565 a
1444 2522 1691 2565 Christianis
1720 2522 1805 2576 legi
1837 2524 2012 2575 coeptus

357 2598 432 2644 est,
465 2589 672 2644 quaedam
705 2590 745 2630 in
778 2603 827 2631 eo
859 2591 1047 2631 consulto
1080 2597 1119 2632 et
1151 2590 1202 2633 de
1232 2591 1439 2632 industria.
1469 2594 1631 2632 mutata
1660 2594 1776 2642 sunt,
1809 2587 2010 2643 quoniam

356 2674 450 2702 eum
482 2672 572 2700 cum
606 2657 724 2699 libris
755 2657 884 2698 sacris
916 2657 955 2697 in
989 2658 1172 2710 linguam
1194 2671 1388 2710 graecam
1416 2659 1515 2701 olim
1537 2657 1749 2701 conuersis
1771 2655 2010 2699 consentire

358 2727 574 2777 uolebant,
621 2723 664 2766 id
707 2723 818 2777 quod
859 2725 1081 2778 praecipue
1116 2725 1154 2765 in
1191 2727 1427 2768 nominibus
1461 2726 1750 2769 Hebraeorum
1793 2723 2007 2766 hominum

360 2793 625 2848 conspicuum
667 2798 743 2835 est.
791 2806 873 2845 quo
895 2793 1228 2845 interpolationis
1264 2807 1417 2847 genere
1452 2807 1598 2837 omnes
1629 2792 1796 2836 codices
1826 2791 2007 2833 infectos

358 2874 463 2914 csse,
485 2875 536 2902 cx
560 2874 640 2902 uno
664 2861 817 2912 insigni
835 2859 980 2902 Borosi
1004 2860 1093 2901 loco
1115 2867 1303 2914 apparet,
1325 2862 1395 2914 qui
1419 2866 1482 2904 est
1501 2861 1704 2915 Antiquit.
1727 2859 1768 2901 X
1791 2860 2010 2911 §2¹9sqq.

359 2928 558 2983 repetitus
590 2928 660 2969 iile
693 2929 731 2970 in
766 2928 871 2969 libro
902 2931 1008 2969 cont.
1041 2928 1117 2981 Ap.
1152 2929 1168 2969 Ι
1208 2932 1276 2981 1ὲ);
1309 2929 1379 2969 ubi
1411 2929 1464 2971 de
1503 2943 1552 2972 eo
1593 2941 1692 2982 rege
1732 2926 1864 2970 uerba
1901 2930 2011 2979 sunt,

357 2996 425 3049 qui
459 2996 498 3036 in
534 2995 648 3036 libris
678 2995 806 3037 saci-is
840 2993 1231 3048 Νιιρίηχοὸονύσορ
1263 2995 1392 3037 audit.
1442 3001 1483 3039 et
1515 2996 1626 3039 idem
1658 3008 1809 3039 nomen
1832 2995 2013 3047 Ναβου-
