2091 3418
504 171 663 215 ANTIQ.
691 172 787 207 IUD.
815 171 865 206 111
891 175 1067 208 222-228
1092 175 1165 215 (vm
1183 179 1230 206 ιο.
1257 177 1382 216 ¹x1.2)
1689 174 1768 213 203

116 285 282 328 δώδεκα
312 302 421 326 κατα
454 287 603 326 πᾶσαν
585 282 823 409 ἱμέραν
830 285 912 335 εἷς·
915 289 1145 390 Μωυσῆς
1176 287 1218 329 ὁὶ
1245 283 1386 329 olzi't
1414 284 1663 342 ἀναβαίνων
1694 288 1767 331 ἐπὶ

420 348 427 361 ,
443 353 451 359 .
470 353 478 359 .
494 348 502 361 ,

114 436 161 463 τε
189 422 277 462 τῶν
308 422 536 474 ιρακτέων
567 422 635 462 καὶ
667 423 754 462 τιιῖν
785 421 929 474 νόμων
959 438 1035 478 τις
1066 422 1330 472 συντάξεως·
1364 423 1437 472 οἱς
1467 428 1716 479 κρείττονας
1745 419 1770 480 ἢ

114 486 222 530 κατὰ
264 487 437 530 σύνεσιν
477 484 643 541 ἀνθρω
635 493 766 545 «ycimz
805 486 935 538 ιἰιτας
966 489 1028 539 εἶς
1066 489 1142 532 τὸν
1188 486 1364 532 ἅπαντα
1402 496 1593 545 ρἐράιως
1631 491 1770 535 αἰῶνα

114 557 269 612 συνέβη
303 555 582 611 φυλαχθῆναι
625 555 792 611 δωρεὰν
831 554 941 599 εἶναι
983 557 1196 607 (δόξαντας
1235 561 1310 600 τοῦ
1343 562 1465 610 θεοῦ,
1505 556 1564 608 ῶς
1593 556 1697 614 μήτ’
1726 560 1769 602 έν

114 622 260 679 εἷρήνῃ
295 620 380 664 ὑπὸ
412 625 581 679 τρυφῆς
610 621 714 679 μήτ’
742 622 786 665 έν
818 625 998 680 πολέμῳ
1029 620 1127 666 κατ’
1155 622 1340 682 ανάγκην
1367 623 1591 681 Ἑβραίους
1623 645 1769 682 παρα-

111 691 243 747 βῆναί
281 706 380 732 τινα
417 692 504 732 τῶν
547 690 703 744 νόμων.
764 687 876 733 ἀλλὰ
916 694 1017 746 περὶ
1062 692 1142 746 μὲν
1185 693 1352 735 τούτων
1393 696 1593 748 παύομαι
1635 697 1769 751 λέγων

112 755 283 814 γραφὴν
315 756 466 812 ἑτέραν
498 754 692 814 ἠξιωκὼς
723 764 952 803 συνθεῖναι
985 762 1089 814 περὶ
1119 762 1205 802 τῶν
1239 760 1394 814 νόμιον.

226 827 301 868 IX.
346 830 382 868 1.
421 829 524 868 Νυνὶ
551 823 591 868 δ’
618 823 777 882 ὀλίγων
798 829 928 870 τινῶν
951 827 1345 883 ἐπιμνησθήσομαι
1366 831 1453 872 τῶν
1476 825 1548 887 ἐφ’
1577 829 1770 884 ἁγνείαις

111 893 183 936 καὶ
216 893 479 949 ἱερουργίαις
509 898 737 948 κειμένων·
768 896 838 937 καὶ
871 894 953 950 γὰρ
983 894 1060 937 τὸν
1091 894 1218 950 λόγον
1238 912 1315 949 μοι
1348 898 1451 950 περὶ
1480 900 1567 940 τῶν
1598 901 1769 941 θυσιῶν

113 959 339 1003 ἐνεστάναι
381 966 635 1018 σιχιιβέβιικε.
697 963 773 1005 δι’-ο
811 964 892 1016 μὲν
931 962 1012 1018 γάρ
1052 962 1162 1006 εἰσιν
1194 963 1448 1019 ἱερουργίαι,
1479 965 1644 1008 τούτων
1676 963 1765 1023 δ’ἦ

112 1027 190 1083 μὲν
223 1025 308 1070 ἔπι)
342 1031 428 1070 τῶν
461 1029 649 1072 ἰδιωτῶν
680 1029 806 1084 ἑτέρα
837 1025 877 1071 δ’
904 1027 990 1072 ὑπὸ
1022 1033 1099 1072 τοῦ
1131 1030 1269 1087 δήμου
1293 1032 1627 1086 συντελούμεναι
1657 1033 1769 1076 κατὰ

114 1095 190 1138 δύο
221 1100 415 1151 γίνονται
446 1097 662 1152 τρόπους·
692 1100 770 1154 τῆς
800 1097 877 1151 μὲν
909 1095 1213 1141 ὁλοκαυτεῖται
1243 1101 1334 1141 πᾶν
1363 1099 1412 1142 τὸ
1446 1100 1666 1154 θυόμενον
1696 1104 1768 1144 καὶ

114 1162 187 1206 διὰ
220 1166 348 1206 τοῦτο
380 1166 448 1206 καὶ
481 1163 558 1219 τὴν
590 1168 891 1221 προσηγορίαν
921 1165 1128 1222 τοιαύτην
1158 1165 1326 1221 ἔλαβεν,
1358 1164 1381 1224 ἡ
1415 1167 1461 1210 δὲ
1488 1166 1772 1225 χαριστήριός

65 1239 78 1247 ’
111 1234 158 1273 τέ
190 1230 283 1274 ἐστι
314 1233 385 1274 καὶ
417 1227 513 1274 κατ’
541 1228 724 1285 εύωχίαν
756 1232 912 1286 ὁρᾶται
943 1234 1030 1274 τῶν
1061 1233 1334 1277 τεθυκότων·
1368 1234 1452 1289 έρῶ
1484 1235 1531 1278 δὲ
1562 1239 1664 1291 περὶ
1694 1239 1771 1293 τῆς

112 1302 344 1354 προτέρας.
407 1294 513 1355 ἀνὴρ
547 1298 725 1355 ἰδιώτης
756 1297 1005 1342 ὁλοκαυτῶν
1036 1300 1140 1344 θύει
1169 1301 1249 1355 μὲν
1277 1304 1382 1356 βοῦν
1412 1305 1485 1346 καὶ
1518 1299 1668 1358 ἀρνίον
1697 1306 1770 1347 καὶ

112 1365 289 1423 ἔριφον·
320 1368 458 1408 ταῦτα
489 1366 566 1419 μὲν
598 1365 788 1418 ἐπέτεια,
819 1366 921 1418 τοὺς
952 1368 998 1410 δὲ
1027 1370 1132 1423 ΙΒοῦς
1163 1367 1335 1426 ἐφεῖται
1367 1369 1495 1413 θύειν
1525 1373 1598 1414 καὶ
1629 1372 1770 1428 προή-

110 1448 285 1484 κοντας·
327 1430 488 1489 ἰίρρενα
519 1434 564 1476 δὲ
596 1431 898 1478 ὁλοκαυτεῖται
934 1434 988 1477 τὰ
1019 1435 1180 1478 πάντα.
1241 1440 1497 1493 σφαγέντων
1529 1438 1575 1481 δὲ
1605 1439 1771 1481 τούτων

110 1500 188 1543 τὸν
218 1501 371 1543 κύκλον
401 1503 464 1557 τιιῦ
495 1502 650 1555 αἵματι
693 1501 870 1545 δεύουσι
908 1504 985 1545 τοῦ
1014 1506 1167 1557 βωμοῦ
1204 1504 1247 1547 οἱ
1279 1505 1421 1559 ἱερεῖς,
1465 1503 1560 1548 εἶτα
1589 1505 1770 1561 καθαρὰ

112 1568 380 1624 ποιήσαντες
411 1569 711 1623 διαμελίζουσι
748 1571 820 1612 καὶ
851 1569 1076 1621 πάσαντες
1115 1567 1242 1614 ἁλσὶν
1274 1571 1345 1614 ἐπὶ
1374 1571 1452 1615 τὸν
1482 1572 1633 1627 βωμὸν
1665 1569 1772 1616 ἀνα-

110 1639 293 1679 τιθέασι
325 1636 481 1689 σχιζῶν
510 1633 590 1694 ἤδη
623 1638 970 1694 πεπληρωμένον
999 1640 1071 1680 καὶ
1103 1638 1242 1694 πυρὸς
1274 1640 1554 1696 φλεγομένου.
1603 1639 1704 1691 τοὺς
1726 1641 1772 1683 ὄὲ

111 1703 257 1754 πόδας
285 1706 372 1746 τῶν
405 1704 575 1759 ἱερείων
605 1706 675 1747 καὶ
708 1703 762 1746 τὰ
793 1703 903 1747 κατὰ
934 1704 1063 1762 νηδύν
1095 1704 1418 1761 εκκαθάραντες
1454 1703 1642 1763 ἀκριβῶς
1680 1717 1773 1758 τοῖς

111 1768 263 1822 ἄλλοις
292 1771 746 1828 καθαγνισθησόμενα
777 1776 1181 1829 προσεπιφέρουσι,
1221 1773 1302 1825 τὰς
1341 1774 1474 1831 δορὰς
1504 1777 1590 1817 τῶν
1623 1776 1773 1832 ιερέων

112 1838 436 1894 λαμβανόντων.
494 1842 567 1882 καὶ
599 1836 620 1882 ὁ
653 1840 732 1893 μὲν
760 1842 838 1896 τῆς
868 1837 1206 1891 ὁλοκαυτώσεως
1235 1841 1402 1897 τρόπος
1434 1841 1552 1885 ἐστὶν
1584 1846 1724 1893 οὗτος

227 1910 265 1949 2.
317 1906 406 1957 Τὰς
438 1906 483 1949 δὲ
502 1911 811 1964 χαριστηρίους
840 1911 1006 1958 θυσίας
1027 1907 1328 1960 επιτελοῦντες
1357 1909 1412 1951 τὰ
1445 1906 1554 1952 αυτὰ
1585 1911 1663 1964 μὲν
1686 1910 1774 1965 ζῷα

222 2010 242 2051 ξ
267 2010 333 2043 222
358 2024 401 2036 =
425 2008 530 2043 Num.
557 2008 626 2043 VII
651 2011 713 2050 893
739 2010 758 2051 ξ
785 2010 850 2042 224
874 2024 918 2036 ==
943 2008 1062 2044 Leuit.
1088 2009 1106 2043 I
1133 2013 1163 2044 1.

222 2109 488 2145 ROMSPLLat
516 2148 521 2150 ,

228 2170 242 2200 1
270 2162 333 2208 εἷς]
359 2165 415 2202 εἰσ
439 2163 506 2212 τὴν
530 2162 668 2212 σκηνὴν
685 2165 770 2201 SPL
841 2161 878 2201 δ’
902 2165 998 2201 MSL
1070 2169 1090 2200 2
1108 2169 1278 2210 Σιναῖον]
1305 2169 1450 2204 σίναιον
1477 2166 1574 2215 ὄροσ
1598 2169 1650 2205 SP
1675 2181 1772 2205 mon-

112 2227 179 2256 tem
203 2222 285 2256 sina
309 2222 380 2256 Lat
495 2216 579 2258 ἀλλ’
604 2232 672 2257 om.
698 2223 722 2257 S
842 2225 948 2264 θεοῦ]
974 2224 1043 2258 τοῦ
1066 2225 1161 2259 θεοῦ
1184 2223 1310 2259 MSPL
1426 2229 1444 2259 5
1470 2229 1525 2261 τιῦ
1547 2229 1628 2262 θεῶ
1653 2226 1681 2261 Ο

111 2276 152 2314 ἐν
177 2275 313 2325 εἰρήνη,
337 2275 378 2313 ἐν
403 2277 438 2313 εἰ
458 2277 482 2312 i.
506 2288 577 2312 ras.
603 2288 697 2313 man.
726 2281 744 2313 2
770 2279 794 2314 S
900 2282 917 2312 7
944 2276 1118 2325 πάβομαι
1144 2279 1182 2313 Μ
1292 2283 1310 2315 8
1336 2280 1496 2327 γράφειν
1520 2281 1584 2316 Ro
1693 2295 1774 2318 συν-

111 2337 247 2375 θεῖναι,
272 2339 327 2370 εῖν
349 2333 374 2368 i.
398 2344 470 2368 ras.
495 2345 541 2368 m.
569 2335 588 2367 2
613 2334 636 2369 S
661 2337 840 2380 συνθῆναι
864 2335 895 2369 L
1004 2338 1043 2369 10
1068 2338 1145 2371 τῶν
1169 2346 1236 2370 om.
1262 2336 1391 2372 MSPL
1492 2341 1530 2373 11
1557 2335 1711 2374 ἑστάναι
1734 2338 1774 2373 Μ

112 2400 267 2462 ἐῚσῖ-οέναι
292 2424 322 2458 L
428 2422 663 2470 συμβέβηκεν
687 2424 797 2460 MS¹P
902 2427 942 2460 12
968 2424 1006 2461 δὲ
1030 2425 1060 2460 L
1166 2428 1234 2462 τοῦ
1256 2426 1281 2460 i.
1306 2437 1378 2461 ras.
1403 2428 1443 2462 M
1551 2429 1588 2462 13
1618 2424 1774 2464 ὁλοκαυ-

113 2484 242 2523 τεῖται]
269 2476 542 2516 ὃλοκαυτοῦται
567 2479 596 2514 Ο
624 2476 879 2527 ὁλογλυτεῖται
903 2481 942 2516 Μ
968 2474 1060 2528 ὅλησ
1087 2477 1347 2518 ὁλοκαυτεῖται
1371 2483 1401 2517 L
1508 2487 1549 2518 14
1572 2485 1635 2519 καὶ
1660 2494 1728 2519 om.
1744 2483 1773 2519 Ο

225 2533 292 2582 τὴν
306 2556 345 2560 -
361 2529 548 2581 τοιαύτην]
573 2546 699 2570 nomen
720 2536 1040 2572 holocaustomatis
1056 2537 1127 2572 Lat
1221 2541 1260 2573 15
1278 2536 1381 2574 ἐστὶν
1394 2538 1522 2573 MS¹P¹
1618 2543 1656 2574 16
1682 2552 1773 2586 προ-

113 2592 236 2640 τέρας]
261 2590 441 2637 δευτέρασ
464 2590 528 2626 Ro
609 2587 726 2639 α’νὴρ]
741 2588 837 2640 α’νὴρ
861 2590 895 2629 δ’
922 2593 986 2628 Ro
1071 2593 1152 2637 μὲν]
1176 2593 1246 2638 μὲν
1270 2588 1337 2630 οὖν
1360 2594 1390 2628 L
1471 2590 1560 2642 α’ρν·
1575 2592 1631 2638 ὸν,
1656 2606 1774 2631 eras.c

114 2648 138 2684 S
244 2651 282 2682 17
308 2647 378 2691 μὲν
402 2657 470 2681 om.
496 2646 526 2682 O
629 2647 786 2694 ἐφεῖται]
812 2646 1003 2697 ἔφηβάστε
1027 2648 1060 2683 R
1084 2647 1296 2696 ε’φήβουστε
1313 2649 1342 2685 Ο
1450 2649 1721 2698 προσήκοντασ
1745 2651 1774 2687 Ο

227 2705 267 2738 18
293 2700 432 2749 ἄρεννα
456 2703 490 2738 R
589 2700 864 2742 ὁλοκαυτοῦται
891 2705 919 2741 O
1022 2709 1062 2740 19
1087 2704 1472 2753 καθαροποιήσαντεσ
1495 2707 1535 2742 Μ
1633 2710 1674 2742 20
1701 2710 1776 2744 δια-

110 2758 309 2807 μελήζουσι
334 2758 363 2794 O
388 2761 662 2805 ὃιαμελίζουσιν
685 2761 813 2797 MS¹P¹
905 2756 1125 2798 πάσσαντεσ
1140 2762 1201 2797 PL
1293 2760 1485 2805 πάσαντες
1509 2759 1628 2805 ἁλσὶν]
1654 2764 1775 2798 omnia

112 2817 184 2852 Lat
286 2810 530 2852 ἀνατιθέασιν
553 2817 663 2853 MS¹P
771 2820 813 2852 22
838 2814 887 2854 τὰ
912 2828 978 2852 om.
1006 2817 1035 2852 Ο
1144 2821 1185 2853 23
1209 2815 1588 2866 καταγνισθησόμενα
1614 2819 1684 2855 S¹P

113 2869 240 2919 ὃωρὰσ
264 2871 302 2904 Μ
410 2873 451 2905 24
475 2871 793 2909 holocaustomatis
816 2873 889 2908 Lat
992 2871 1093 2910 ἔστιν
1116 2873 1213 2909 ROL
1330 2868 1463 2915 οὗτοσ,
1488 2887 1509 2911 o
1534 2874 1559 2909 i.
1584 2885 1656 2910 ras.
1681 2887 1726 2910 m.
1754 2878 1773 2910 2

112 2928 153 2963 M
244 2931 285 2962 25
311 2923 357 2963 τὰ
384 2922 491 2969 αὐτὰ]
517 2927 605 2964 haec
628 2930 700 2966 Lat

1802 427 1884 467 223

1800 834 1881 873 224

1801 1104 1881 1145 225

1803 1309 1883 1348 226

1802 1512 1881 1551 227

1804 1916 1884 1956 228
