2091 3418
564 177 726 222 ANTIQ.
752 177 846 214 IUD.
874 177 905 212 V
931 179 1062 213 33—37
1088 180 1275 220 (110—12)
1674 175 1754 212 299

88 310 230 350 μενος,
264 292 302 336 εἰ
335 292 357 335 ὃ
390 291 670 341 κινδυνεύσας
703 286 863 348 ηῧρατο
894 291 1057 345 κέρδος,
1089 292 1218 332 τοῦτο
1240 291 1317 345 τῆς
1337 288 1454 368 ἰδίας
1473 292 1622 344 χρείας
1645 284 1755 342 ἀφε-

91 361 273 416 λόμενος
313 360 464 402 δοῦναι
507 362 654 416 φὲιρων
694 361 757 414 τιῖ
803 361 897 414 θεῷ
938 360 1007 401 καὶ
1054 375 1109 414 μι
1160 358 1372 412 δεομένῳ,
1420 353 1589 412 ι’)ρυγμα
1632 355 1755 411 βαθὺ

90 428 284 484 ποιήσας
324 426 368 469 ἐν
398 443 449 483 τη
491 422 629 469 αὐτοῦ
662 428 795 483 σκηνῇ
826 425 1071 481 κατιόριξεν
1105 424 1167 475 εἷς
1197 428 1348 476 τοῦ,το
1387 424 1535 482 λήσειν
1568 424 1754 479 νομίζων

91 494 151 548 ὥς
180 512 283 546 τους
314 493 645 550 συστρατιώτας
675 488 815 544 οὑτως
844 496 917 536 καὶ
947 492 1023 535 τὸν
1053 492 1178 535 θεόν.

41 573 61 607 5
206 567 269 607 11.
314 559 499 618 Ἐκλήθη
543 561 590 603 δὲ
627 558 649 604 5
689 561 828 611 τόπος
867 560 910 603 ἐν
956 557 989 616 ᾧ
1032 559 1335 615 στρατόπεδον
1376 555 1555 613 ἐβάλετο
1590 555 1754 616 Ἰησοῦς
1771 560 1824 601 34

94 631 321 688 Γάλγαλα·
355 634 559 687 σημαίνει
592 629 638 672 δὲ
669 631 798 671 τοῦτο
832 603 1086 683 ἐλευθεριον
1109 624 1271 681 ὄνομα·
1306 627 1538 681 διαβάντες
1566 626 1648 682 γὰρ
1679 625 1755 670 τὸν

91 697 295 752 ποταμὸν
328 697 588 753 ἐλευθέρους
619 695 800 747 ἑαυτοὺς
830 693 910 753 Υἤδη
953 691 1042 737 ἀπό
1075 711 1122 737 τε
1152 697 1240 737 τιῦν
1270 694 1538 750 Αἰγυπτίων
1577 696 1648 737 καὶ
1681 696 1757 750 τῆς

92 765 136 809 ἒν
166 768 219 823 τῇ
252 765 398 822 ἐρήμῳ
427 767 738 820 ταλαιπωρίας
770 763 1015 819 ἐγίνωσκον.

207 836 270 876 12.
303 832 435 876 ,Μετὰ
468 829 507 875 δ’
535 828 687 888 ὀλίγας
719 829 882 887 ἡμέρας
909 832 986 886 τῆς
1012 826 1290 885 Ἱεριχοῦντος
1321 831 1553 886 συμφορᾶς
1584 832 1754 883 πέμπει
1772 830 1823 870 35

24 910 61 945 10
89 902 357 958 τρισχιλίους
388 898 579 950 ὁπλίτας
604 896 771 957 Ἰησοῦς
804 897 866 948 εἰς
890 896 1036 939 Ναϊὰν
1067 897 1200 939 πόλιν
1232 895 1343 953 ὑπὲρ
1375 899 1452 953 τῆς
1479 895 1759 953 Ἱεριχοῦντος

90 971 290 1025 κειμένην
312 968 589 1025 αἱρήσοντας,
614 969 657 1009 οἳ
679 964 992 1020 συμβαλόντων
1016 960 1165 1014 αι’-τοῖς
1181 967 1269 1006 τιῦν
1286 968 1495 1022 Ναϊητῶν
1516 969 1758 1021 τραπέντες

91 1032 425 1091 ἀποβάλλουσιν
447 1032 610 1091 ἄνδρας
632 1034 679 1085 ἓξ
701 1035 773 1076 καὶ
794 1032 1042 1088 τριάκοντα.
1084 1027 1206 1074 τοῦτ’
1234 1028 1448 1088 ἀγγελθὲν
1469 1042 1562 1084 τοῖς
1585 1028 1756 1090 Ἰσραη-
1774 1034 1825 1074 36

93 1105 236 1154 λίταις
267 1099 410 1160 λύπην
440 1120 488 1146 τε
517 1102 708 1158 μεγάλην
740 1102 812 1143 καὶ
845 1098 990 1156 δεινὴν
1023 1098 1231 1156 ἐποίησεν
1263 1096 1463 1154 ἀθυμίαν
1495 1095 1544 1142 οὗ
1576 1098 1686 1142 κατὰ
1707 1099 1756 1142 τὸ

93 1171 254 1216 οἰκεῖον
286 1173 372 1213 τιιῗν
412 1165 734 1220 ἀπολωλότων,
774 1172 919 1211 καίτοι
959 1184 1007 1223 γε
1046 1167 1227 1210 πάντων
1270 1163 1440 1223 ἀνδρῶν
1472 1164 1656 1223 ἆγαθιῦν
1687 1169 1759 1210 καὶ

2 1247 62 1282 15
92 1238 290 1295 σπουδῆς
321 1233 456 1289 ἀξίων
489 1237 844 1294 διεφθαρμένων,
876 1231 988 1278 ἀλλὰ
1020 1235 1130 1278 κατὰ
1163 1231 1439 1290 ἀπόγνωσιν·
1471 1234 1757 1285 πιστεύοντες
1776 1239 1827 1280 37

90 1305 171 1363 γὰρ
211 1303 293 1362 ἤδη
332 1307 410 1362 τῆς
445 1307 522 1361 γῆς
564 1303 784 1360 ἐγκρατεῖς
823 1300 939 1346 εἶναι
978 1305 1051 1346 καὶ
1092 1305 1207 1346 σιῦον
1246 1303 1356 1353 ἕξειν
1393 1302 1436 1346 ἐν
1471 1311 1569 1353 ταῖς
1599 1298 1761 1357 μάχαις

90 1373 167 1417 τὸν
190 1372 378 1429 στρατὸν
410 1368 548 1422 οἵτως
568 1373 646 1414 τοῦ
671 1374 782 1414 θεοῦ
813 1374 1220 1453 προιπεσχηιιέιοι,
1251 1370 1582 1428 τεθαρρηκότας
1612 1387 1761 1426 παρα-

93 1440 232 1492 δόξως
271 1439 420 1495 ἑώρων
450 1456 552 1489 τους
591 1440 856 1493 πολεμίους·
898 1440 971 1481 καὶ
1012 1438 1196 1489 σάκκους
1235 1437 1492 1488 επενδύντες
1521 1447 1619 1488 ταῖς
1658 1453 1760 1481 στο-

93 1509 191 1560 λαῖς
222 1503 283 1551 διῖ
319 1503 424 1565 όλης
456 1504 618 1564 ηιιέρας
657 1506 701 1549 ὲν
742 1505 946 1562 δακρύοις
975 1504 1086 1562 ἠσαν
1125 1507 1197 1548 καὶ
1237 1509 1400 1549 πένθει
1438 1508 1606 1562 τροφῆς
1638 1501 1761 1548 οὐδε-

205 1645 226 1688 §
253 1645 294 1678 33
319 1661 364 1673 =
388 1642 498 1678 Iosua
521 1641 591 1676 VH
619 1645 655 1685 13
682 1643 702 1685 ξ
731 1644 773 1675 34
798 1657 841 1669 --
865 1641 975 1676 Iosua
999 1639 1031 1674 V
1057 1643 1096 1682 93
1121 1640 1142 1684 ξ
1168 1642 1209 1674 35
1235 1658 1280 1670 ==
1304 1640 1413 1676 Iosua
1436 1639 1506 1675 VH
1532 1643 1562 1675 2.

205 1776 672 1814 ROMSPLELatZonaras
696 1776 713 1810 I
738 1788 774 1821 p.
801 1778 840 1810 78
852 1786 902 1820 sq.
951 1775 1201 1810 Theodoretus
1225 1775 1242 1809 Ι
1264 1786 1299 1820 p.
1325 1778 1398 1809 199.
1446 1774 1652 1819 Stephanus
1678 1775 1762 1819 Byz.

95 1846 122 1870 s.
151 1831 264 1872 Ἄννα.

213 1895 225 1925 1
254 1889 342 1927 εἰ-
357 1892 376 1923 2
402 1892 494 1937 θεῷ]
519 1890 552 1923 si
573 1889 604 1923 is
629 1890 693 1934 qui
713 1888 916 1934 periculum
935 1887 1111 1922 habuerat
1136 1887 1275 1923 lucrum
1300 1887 1488 1922 inueniens
1512 1887 1613 1932 quod
1636 1887 1674 1921 in
1697 1897 1764 1921 sua

96 1946 251 1982 utilitate
275 1946 462 1991 conferret
486 1945 592 1980 daret
620 1944 688 1979 Ιιοο
717 1944 784 1980 cleo
809 1944 882 1979 Lat
1019 1943 1053 1980 εἰ
1078 1939 1112 1985 δ’]
1139 1947 1172 1980 εἰ
1207 1940 1226 1980 5
1252 1943 1323 1978 ML
1350 1943 1406 1980 εἰσ
1433 1940 1454 1980 ὂ
1480 1943 1543 1978 Ro
1571 1939 1592 1979 ὃ
1617 1943 1766 1978 Ernesti

210 1996 347 2046 εὕρατο
371 2001 527 2037 ROSPL
657 2003 675 2034 3
700 1999 742 2036 ἐν
766 2010 833 2035 om.
859 1999 1032 2035 ROMLE
1148 1997 1285 2046 λήσειν]
1311 1997 1495 2046 λήσεσθαι
1519 1999 1672 2034 ROSPL

97 2062 118 2094 4
143 2055 434 2105 συστρατιώτας]
460 2053 769 2106 συνστρατιώτᾳσ
791 2056 831 2090 Μ
856 2054 1097 2103 στρατιώτασ
1113 2056 1177 2091 RO
1256 2050 1357 2092 οὕτω
1376 2056 1477 2091 OML
1560 2059 1578 2088 5
1605 2052 1767 2100 στρατό-

98 2118 225 2157 πεδον]
252 2111 296 2151 τὸ
323 2110 588 2161 στρατόπεδον
614 2112 667 2148 SL
693 2116 729 2148 et
753 2116 794 2148 ut
810 2112 885 2147 uid.
902 2113 933 2147 E
1004 2110 1178 2160 ἐβάλετο]
1203 2109 1398 2159 ἐβάλλετο,
1423 2113 1576 2147 alterum
1601 2114 1621 2146 λ
1646 2111 1764 2156 suppl.

97 2182 144 2206 m.
172 2174 186 2205 1
215 2171 239 2206 S
264 2167 423 2217 ἔβαλλεν
446 2169 486 2203 Μ
511 2165 648 2215 ἔβαλεν
672 2168 702 2203 L
796 2172 815 2203 6
841 2166 1062 2214 *Γάλγιιλα]
1093 2166 1239 2215 γαλγάν
1262 2167 1327 2202 RO
1352 2165 1497 2214 γαλγάλ
1522 2168 1592 2202 ML
1616 2167 1767 2213 (Jalqala

97 2227 170 2262 Lat
261 2224 507 2271 *ἐλευθερίαν
532 2224 783 2260 'theodoretus
883 2221 969 2270 γὰρ]
995 2225 1033 2261 δὲ
1056 2225 1096 2260 Μ
1189 2228 1206 2258 7
1233 2221 1430 2266 *ἓαι-τοὺς]
1457 2220 1597 2260 αὕτοὺσ
1621 2223 1765 2258 MSP¹L

100 2279 241 2320 αὖτοὺσ
264 2282 310 2317 P2
415 2284 434 2315 9
459 2277 509 2323 δ’]
535 2281 573 2317 δὲ
597 2280 750 2316 ROSPL
865 2277 1011 2327 ὴμέρασ
1039 2276 1173 2327 ὀλίγασ
1197 2283 1241 2315 tr.
1267 2281 1340 2315 ML
1435 2284 1474 2314 10
1500 2279 1766 2325 *τρισχιλίους]

100 2339 252 2384 triqz'nta
284 2338 383 2372 melia
409 2337 479 2373 Lat
623 2336 704 2378 *εἰς
734 2337 830 2372 delet
854 2336 1002 2372 Ernesti
1141 2333 1277 2378 Ναϊὰν]
1303 2332 1400 2373 ἀναν
1425 2336 1462 2370 Μ
1494 2331 1605 2381 α’γαῒν
1628 2334 1656 2369 Ρ
1681 2335 1768 2380 γαῖν

99 2440 124 2475 i.
137 2451 209 2475 ras.
223 2451 269 2474 m.
289 2441 308 2473 2
327 2439 350 2475 S
375 2407 471 2475 άιαάν
487 2439 517 2473 L
536 2433 624 2475 α’·ιαν
640 2438 673 2472 Ε
692 2438 777 2472 aian
795 2437 882 2480 Lat3
907 2437 993 2472 hinc
1012 2434 1366 2482 Steph.Byz.221vva
1384 2434 1494 2477 πόλςι
1511 2438 1575 2481 τῆς
1590 2430 1769 2501 ,ζουὸαιάς

100 2494 193 2545 υπὲρ
218 2493 464 2542 Ἱεριχοῦντα·
504 2490 548 2530 τὸ
581 2490 737 2530 ἐθνικὸν
770 2489 944 2540 Ανν’,ιτης
981 2489 1033 2535 (ὃς
1053 2490 1249 2539 [ω’σηπος,
1281 2496 1345 2529 καὶ
1371 2488 1557 2534 >4νν·ιανὸς
1589 2487 1667 2528 ἀπὸ
1700 2494 1769 2528 τοῦ

103 2547 220 2588 Αννία
338 2555 376 2587 11
405 2547 644 2598 αἱρήσοντας]
668 2547 882 2597 ἐρήσοντασ
910 2549 950 2584 Μ
975 2553 1154 2594 quatenus
1177 2549 1390 2585 dimicarent
1414 2549 1486 2584 Lat
1600 2550 1689 2589 τῶν]
1715 2550 1769 2583 τῶ

102 2653 127 2690 S
218 2655 406 2698 Ναὶητῶν]
436 2646 603 2688 α’νιατων
632 2651 671 2685 Μ
694 2653 873 2697 γαινιτῶν
897 2650 949 2686 SP
975 2608 1142 2686 ἔῗιιοῖτῶιέν
1165 2650 1195 2684 L
1220 2649 1384 2685 hostibus
1405 2649 1478 2684 Lat
1502 2643 1650 2694 Αϊητῶν
1675 2648 1768 2684 coni.

106 2705 274 2746 Ἀννιτων
297 2708 456 2744 Dindorf
483 2719 528 2743 ex
558 2708 682 2752 Steph.
708 2708 782 2752 Byz
924 2708 963 2740 12
989 2702 1257 2753 *αποβάλουσι
1283 2705 1330 2740 L¹
1466 2700 1653 2751 αγγελθὲν
1677 2707 1769 2746 τοῖς]

105 2759 362 2811 ἀγγελθέντοσ
385 2765 425 2799 Μ
530 2767 570 2799 13
596 2776 637 2800 τε
662 2763 779 2808 suppl.
805 2774 850 2797 m.
875 2772 947 2797 rec.
974 2763 997 2798 S
1105 2764 1145 2797 16
1171 2764 1317 2798 *σῶιον
1341 2761 1386 2796 Ρ·-
1492 2764 1531 2795 1ἵ
1557 2762 1770 2807 *τεθαρση-

104 2817 228 2856 κότασ
243 2820 331 2856 RSP
356 2817 668 2867 τεθαρσηκότωσ,
695 2834 724 2855 ω
750 2830 842 2854 corr.
857 2829 903 2853 ex
925 2832 945 2855 ο
971 2821 1036 2853 aut
1059 2832 1083 2853 α
1102 2818 1130 2853 O
1226 2820 1266 2852 18
1292 2814 1553 2859 *ἐπενδύντεσ,
1579 2830 1597 2853 ε
1620 2819 1717 2858 (anve
1734 2821 1770 2859 σ)

106 2885 152 2911 ex
175 2886 266 2911 corr.
283 2887 329 2911 m.
345 2878 364 2910 2
381 2877 406 2912 S
429 2873 658 2922 ὗπερδῦντεσ
674 2875 738 2911 Ro
812 2878 850 2910 19
879 2868 978 2920 ὅλης]
1004 2868 1097 2920 ὅλησ
1121 2876 1190 2920 τῆσ
1208 2872 1279 2908 ΟΜ
1349 2868 1397 2909 δι’
1425 2867 1516 2919 ὅλησ
1533 2876 1602 2919 τῆσ
1625 2869 1772 2920 ἦμέρασ

106 2937 193 2968 ταῖσ
216 2935 373 2969 στολαῖσ
396 2935 442 2968 tr.
467 2933 507 2967 M
598 2929 776 2979 δάκρυσιν
800 2931 832 2965 Ε
