2091 3418
579 193 739 238 ANTIQ.
765 193 862 229 IUD.
887 193 939 228 111
970 195 1143 228 162—107
1167 195 1227 236 (ΠΙ
1244 195 1275 236 5)
1673 191 1746 229 191

208 313 246 351 5.
288 303 382 351 Ἐπὶ
417 308 463 350 δὲ
493 306 667 357 τούτοις
697 311 844 360 τρίτον
867 306 1063 350 ένδιέται
1083 306 1160 350 τὸν
1193 306 1423 362 λεγόμενον
1453 306 1532 360 μὲν
1563 305 1749 363 ἐφώδην,
1786 309 1863 350 162

89 373 308 433 Ἑλληνικῇ
343 372 382 418 δ’
410 374 603 429 ἐπωμίδι
636 374 951 430 προσεοικότα·
984 379 1150 431 γίνεται
1171 374 1252 430 γάρ
1283 377 1437 417 τοῦτον
1458 373 1533 417 τὸν
1563 373 1750 428 τρόπον.

98 440 317 501 ὗφανθεὶς
339 442 411 485 ἐπὶ
435 442 581 496 βάθος
603 451 818 498 πηχυαῖον
841 442 883 484 ἔκ
908 459 952 484 τε
982 438 1224 497 χρωμάτων
1245 447 1470 485 παντοίων
1491 443 1561 484 καὶ
1591 443 1751 497 χρυσοῦ

95 512 526 566 συμπεποικιλμένος
551 507 879 564 ἀπερίπτυκτον
905 512 981 552 τοῦ
1005 513 1181 564 στέρνοιΙ
1203 509 1251 551 τὸ
1275 513 1409 562 μέσον
1430 509 1753 564 καταλιμπάνει

46 590 64 622 5
90 588 251 634 χειρῖσι
271 595 318 621 τε
341 575 578 635 ἠσκημένος
599 580 671 620 καὶ.
693 580 754 632 τῷ
777 579 908 619 παντὶ
934 577 1121 634 σχήματι
1139 576 1272 630 χιτών
1295 575 1407 620 εἶναι
1439 581 1751 635 πεποιημένος.

92 649 156 703 τῷ
173 647 219 689 δὲ
242 646 425 700 διακένῳ
442 647 518 687 τοῦ
536 644 773 698 ἐνδύματος
791 644 957 688 σι’·νεισι
974 649 1226 702 περίτμημα
1243 648 1479 701 σπιθαμῆς
1494 644 1543 687 τὸ
1566 648 1755 700 μέγεθος
1787 649 1865 690 163

89 716 236 770 χρυσῷ
252 730 299 756 τε
314 714 387 755 καὶ
408 721 501 762 τοῖς
524 710 672 762 αὐτοῖς
688 715 748 768 τῷ
773 712 919 770 ἐφώδῃ
941 713 1144 767 βάμμασι
1165 712 1502 770 διηνθισμένον·
1526 711 1655 769 ἐσσην
1675 713 1754 767 μὲν

93 782 302 833 καλεῖται,
326 785 529 838 σημαίνει
553 780 599 822 δὲ
620 783 748 822 τοῦτο
770 779 879 822 κατὰ
899 780 977 836 την
993 777 1202 836 Ἑλλήνιον
1223 781 1419 835 γλῶτταν
1442 780 1609 836 λόγιον·
1641 782 1753 837 πλη-
1790 784 1866 824 164

93 858 164 905 ροῑ
196 850 242 892 δὲ
271 845 462 905 άκριβιῡς
492 850 567 890 τοῦ
600 847 774 904 ἐφώδου
797 845 907 902 ὅπερ
938 846 1196 905 ὑφαίνοντες
1217 847 1327 890 κατά
1350 850 1517 904 στῆθος
1539 848 1753 901 ἐξέλιπον,

26 926 63 959 10
92 916 263 960 ἑνοῦται
289 913 327 959 δ’
353 915 436 959 ὑπὸ
460 920 617 970 κρίκων
636 919 829 970 χρυσέων
848 913 963 971 αὐτῷ
986 931 1033 957 τε
1052 914 1163 958 κατὰ
1182 920 1344 971 γωνίαν
1365 915 1549 973 ἑκάστην
1570 912 1754 974 κάκείνῳ

94 987 182 1028 τιῦν
221 985 330 1028 ἰ’σων
370 986 832 1040 ι’ῑροσκεκοινωμένων,
874 982 1100 1039 ῥάμματος
1130 980 1345 1026 ’ὑακίνθου
1377 986 1754 1042 παραληφθέντος

95 1052 158 1104 εἷς
194 1052 272 1109 τὴν
313 1052 425 1107 πρὸς
465 1048 678 1108 ἀλλήλους
717 1050 950 1094 κατάδεσιν
988 1060 1082 1101 τοῖς
1125 1055 1301 1107 κρίκοις.
1361 1051 1476 1108 πρὸς
1515 1053 1560 1095 δὲ
1605 1051 1654 1095 τὸ
1692 1052 1749 1109 μὴ
1786 1057 1863 1096 165

90 1119 285 1176 χαλαρὸν
327 1118 439 1163 εἶναι
480 1118 528 1162 τὸ
575 1118 618 1161 ἐν
653 1122 773 1174 μέσῳ
804 1121 891 1161 τῶν
929 1122 1086 1173 κρίκων
1127 1117 1570 1174 καταλιμπανόμενον
1609 1120 1754 1178 ῥαφὴν

97 1184 229 1231 αὐτοῦ
261 1187 449 1245 νήμασιν
483 1184 756 1236 ὑακινθίνοις
787 1185 1044 1244 ἐπενόησαν.
1094 1190 1323 1243 πορποῦσι
1364 1188 1409 1230 δὲ
1440 1187 1517 1244 τὴν
1549 1187 1755 1243 ἐπωμίδα

98 1252 360 1312 σαρδόνυχες
392 1255 469 1298 δύο
500 1253 610 1297 κατὰ
632 1256 718 1296 τῶν
740 1250 872 1308 ὤμων
903 1254 1106 1310 ἑκάτερον
1127 1257 1252 1306 τέλος
1283 1251 1358 1298 ἐπ’
1386 1252 1544 1307 αὐτοὺς
1565 1255 1754 1300 ἐπιθέον

91 1323 274 1379 χρύσεον
314 1324 482 1376 ἔχοντες
522 1320 636 1377 πρὸς
673 1321 721 1364 τὸ
760 1330 858 1372 ταῖς
896 1327 1125 1379 περονίσιν
1167 1321 1418 1379 ἐπιτήδειον
1450 1321 1576 1367 εἶναι.
1636 1323 1752 1380 ἐγγέ-
1787 1327 1865 1367 166

93 1408 288 1447 γραπται
329 1391 376 1433 δε
413 1389 587 1439 τούτοις
623 1391 709 1431 τῶν
744 1384 948 1445 Ἰακώβου
986 1391 1162 1433 παίδων
1191 1390 1246 1433 τὰ
1277 1387 1474 1445 ὀνόματα
1503 1391 1755 1447 γράμμασιν

96 1458 351 1515 επιχωρίοις
395 1457 567 1514 γίώσσῃ
598 1458 652 1513 τῆ
690 1454 877 1515 ἡιιετερα
915 1457 1024 1501 κατὰ
1072 1458 1119 1509 ἓξ
1155 1461 1242 1501 τῶν
1280 1459 1422 1502 λίθων
1461 1458 1669 1516 εκατέρῳ,
1712 1460 1754 1503 οἱ

96 1523 388 1585 πρεσβύτεροι
429 1521 466 1568 δ’
504 1524 588 1568 εἰσὶ
628 1524 738 1567 κατὰ
776 1524 894 1580 ώμον
938 1526 1014 1569 τὸν
1061 1526 1216 1578 δεξιόν.
1285 1526 1441 1570 επίασι
1481 1527 1527 1570 δὲ
1565 1529 1637 1571 καὶ
1676 1526 1754 1571 τὸν

97 1595 281 1652 εσσήνην
321 1596 447 1637 λίθοι
488 1591 656 1634 δώδεκα
693 1596 876 1648 μεγεθει
914 1596 986 1637 καὶ
1015 1593 1165 1637 κάλλει
1197 1595 1483 1652 διαφέροντες
1521 1590 1570 1638 οὗ
1600 1594 1756 1673 κτητὸς

96 1659 360 1720 ἀνθρώποις
390 1662 552 1716 κόσμος
584 1658 657 1701 διὰ
687 1664 817 1718 τιιιῆς
846 1660 1094 1719 ὑπερβολήν
1125 1659 1269 1712 ὄντες·
1312 1666 1434 1705 οὑτοι
1463 1665 1615 1716 μέντοι
1643 1661 1754 1704 κατὰ
1788 1665 1864 1706 167

210 1817 229 1859 ξ
258 1818 320 1851 162
344 1832 387 1844 =
412 1815 561 1849 Exodus
584 1811 740 1848 XXVIII
765 1816 797 1856 6,
820 1810 975 1846 XXXVI
1002 1813 1053 1854 11,
1079 1809 1125 1843 ef.
1150 1808 1291 1843 Bellum
1314 1808 1392 1842 Iud.
1419 1807 1496 1843 V5.
1514 1811 1543 1843 7.

208 1959 710 2006 ROMSPLELatHesychius
743 1970 770 1993 s.
796 1954 931 2004 &poi-d,
962 1956 1087 1992 Lexic.
1113 1955 1338 1990 Bachmanni
1362 1955 1487 1990 anecd.
1512 1966 1564 1999 gr.
1582 1954 1599 1988 Ι
1622 1966 1657 1999 p.
1678 1957 1753 1989 244.

211 2031 226 2063 1
254 2026 334 2070 τὸν]
360 2025 404 2064 τὸ
430 2028 495 2063 LE
595 2027 674 2072 μὲν]
700 2038 771 2062 ras.
799 2030 885 2061 2—-3
909 2026 977 2060 litt.
1004 2025 1054 2067 M,
1079 2035 1147 2060 om.
1173 2023 1205 2057 E
1302 2020 1463 2068 ἐφούδην
1486 2021 1546 2056 PL
1571 2020 1706 2068 ἐφὺδην
1731 2022 1754 2056 S

95 2081 219 2131 ἐφώδη
243 2084 276 2119 Ε
299 2084 420 2130 ephod
436 2085 506 2119 Lat
529 2081 647 2128 ἐφοὺδ
667 2084 796 2127 lexica,
820 2093 911 2127 quae
935 2082 995 2116 hic
1018 2080 1129 2125 incip.
1213 2081 1233 2112 2
1257 2080 1413 2125 γίνεται]
1440 2080 1602 2115 τείνεται
1626 2079 1665 2113 Μ

96 2142 114 2174 3
140 2136 311 2186 ὕφανθὲν
326 2141 444 2176 lexica
518 2146 718 2186 πηχυαῖον,
745 2153 766 2175 ν
790 2150 834 2174 ex
859 2151 882 2174 σ
907 2148 997 2173 corr.
1023 2137 1063 2172 M
1143 2139 1164 2170 4
1188 2135 1532 2180 συμπεποικιλμένα
1549 2135 1642 2170 MSP
1668 2148 1753 2179 συμ-

95 2197 386 2242 πεποικιλμένου
411 2200 468 2236 (ου
491 2200 532 2231 ut
560 2196 634 2231 uid.
660 2206 705 2230 ex
730 2211 759 2232 ω
785 2206 876 2230 corr.
902 2195 946 2235 L)
970 2193 1147 2239 LHesych
1239 2188 1499 2238 οἷπερίπυκτον
1522 2191 1555 2225 R
1579 2192 1753 2238 περίπτυ-

95 2266 188 2289 κτον
213 2253 284 2287 ML
395 2248 1030 2299 ἀπερίπτυκτον-καταλιμπάνει]
1055 2249 1273 2295 amplectens
1296 2259 1433 2283 omnem
1453 2246 1614 2293 pectoris
1638 2246 1754 2282 locum

96 2309 168 2345 Lat
252 2306 297 2345 τὸ
321 2309 442 2353 μέσον
466 2312 535 2345 τοῦ
561 2308 718 2354 στέρνου
742 2311 787 2344 tr.
806 2308 951 2352 Hesych
1060 2305 1315 2352 πεποιημένον
1338 2304 1465 2346 lexim,
1491 2314 1583 2347 quae
1607 2302 1667 2337 hic
1690 2302 1752 2336 fin.

210 2368 230 2400 6
254 2369 334 2407 τοῦ]
360 2363 497 2402 τούτου
522 2368 590 2402 τοῦ
606 2365 724 2400 SPLE
802 2361 952 2406 σύνεισι]
979 2361 1126 2400 σύνεστι
1143 2363 1175 2397 Ε
1248 2365 1265 2395 7
1291 2358 1465 2406 *ἐφιόὸεα
1491 2373 1522 2396 ει
1547 2371 1591 2394 ex
1614 2375 1636 2406 η
1660 2370 1752 2395 corr.

96 2421 135 2456 M
159 2419 297 2468 ἐφοὺδη
314 2422 399 2457 SPL
468 2420 689 2469 *βάμμασιν
707 2420 848 2456 M¹S¹P¹
919 2418 1058 2466 *ἔσσην
1074 2420 1113 2454 M
1137 2416 1226 2465 ἐσσὴ
1251 2418 1284 2453 R
1309 2416 1398 2462 ἐσση
1417 2416 1445 2451 O
1470 2416 1563 2450 essin
1589 2420 1635 2455 (et
1654 2416 1754 2457 sinis,

95 2477 127 2512 is
151 2488 242 2513 eras.
270 2479 348 2513 cod.
373 2478 482 2520 Wiz.)
508 2479 578 2513 Lat
646 2479 666 2512 8
692 2473 770 2523 τὴν]
796 2475 862 2523 τὴν
887 2480 963 2513 τῶν
988 2476 1050 2511 OL
1119 2477 1299 2521 *λογεῖον
1323 2476 1369 2514 (εῖ
1393 2483 1437 2507 ex
1460 2473 1474 2507 ι’
1498 2483 1590 2507 corr.
1609 2472 1644 2513 S)
1669 2472 1754 2508 SPL

209 2570 228 2603 9
254 2563 288 2603 δ’
307 2567 335 2602 O
405 2565 569 2613 έφούδου
586 2568 639 2603 SP
663 2539 812 2614 ε’(Ξίάὶδου
829 2568 859 2602 L
883 2566 1003 2612 ephod
1018 2567 1089 2601 Lat
1157 2563 1336 2607 ἐξέλιπον,
1361 2577 1372 2597 ι
1397 2573 1442 2597 ex
1466 2575 1497 2598 ει
1523 2572 1614 2597 corr.
1633 2562 1664 2597 L

99 2626 140 2657 10
165 2623 203 2660 δὲ
227 2623 280 2658 SP
352 2627 386 2658 11
418 2624 758 2671 παραληφθέντοσ,
789 2640 810 2671 η
833 2624 857 2658 i.
883 2634 954 2658 ras.
975 2625 993 2656 2
1018 2622 1086 2656 litt.
1105 2621 1144 2654 M
1217 2623 1256 2654 13
1281 2621 1359 2655 τῶν
1381 2619 1536 2663 κρίκων]
1561 2619 1754 2654 anulorum

97 2684 132 2714 ec
154 2679 346 2714 rationalis
363 2680 434 2715 Lat
504 2684 545 2714 14
571 2677 687 2717 αὐτοῦ
711 2678 880 2726 νήμασιν,
907 2683 973 2716 οὗν
993 2679 1016 2712 i.
1030 2688 1101 2712 ras.
1117 2680 1136 2711 2
1150 2676 1218 2711 litt.
1234 2676 1272 2709 M
1346 2678 1384 2709 15
1410 2672 1651 2720 σαρδώνυχεσ
1668 2674 1752 2711 OSP

96 2736 163 2771 LE
233 2732 355 2771 *κατὰ
373 2738 450 2771 τῶν
467 2733 592 2780 ὤμων]
612 2748 683 2783 per
697 2737 863 2783 sc'nqulos
883 2735 1052 2770 humeros
1075 2743 1166 2767 auro
1183 2731 1299 2766 clausi
1313 2730 1483 2765 habentes
1498 2741 1570 2776 per
1586 2731 1753 2765 extremi-

99 2797 192 2828 tates
215 2791 380 2826 cir-cellos
403 2803 545 2835 aureos,
569 2793 606 2827 in
630 2793 761 2838 quihus
783 2791 988 2838 suscipiunt
1009 2787 1203 2824 rationalis
1227 2787 1406 2832 Ziqaturas
1422 2786 1495 2822 Lat
1584 2785 1752 2829 ἐπιθέον]

97 2847 232 2886 §maga
256 2847 286 2882 L
382 2851 420 2882 17
447 2845 661 2893 *ὀνόματα]
685 2851 736 2885 ὦ
757 2849 810 2884 SP
908 2850 947 2881 18
971 2841 1081 2886 κατὰ]
1106 2846 1169 2880 καὶ
1193 2840 1238 2880 τὰ
1265 2843 1363 2878 ROE
1455 2841 1676 2890 *ἑκατέρων
1700 2843 1753 2878 SP

213 2907 254 2939 19
278 2901 457 2940 *ἐπίασιν
480 2904 623 2940 M¹S¹P¹
760 2902 829 2941 τὸν
856 2902 1026 2949 ἐσσήνην]
1059 2898 1124 2946 τὴν
1155 2899 1315 2946 ἐσσήνην
1345 2900 1377 2934 Ε
1407 2900 1444 2934 in
1476 2900 1570 2935 essin
1594 2899 1665 2935 Lat

99 2964 141 2996 20
166 2957 297 2997 *κάλει
320 2960 364 2994 P¹
457 2956 541 3002 *οὗ]
568 2959 604 2996 οἳ
627 2960 662 2996 R
687 2960 723 2996 οἳ
747 2960 776 2995 O
870 2964 908 2994 21
936 2955 1183 3005 *ὑπερβολῆσ
1206 2956 1269 2992 RO
