2060 3475
851 241 1044 275 Praefatio.
1626 240 1776 275 LXXIII

118 358 293 401 rescium
327 356 447 399 trium
483 356 680 398 librorum
715 355 1008 397 Vaticanorum
1048 355 1294 397 collationes
1325 355 1379 396 ab
1414 355 1526 397 Luca
1559 354 1776 397 Holstenio

118 425 370 481 impetrauit.
407 424 481 466 sed
504 425 663 467 l'etitns
686 423 866 465 moriens
889 437 994 477 opus
1017 424 1303 477 imperfectum
1326 423 1512 475 reliquit3
1545 436 1620 464 nec
1644 423 1778 476 magis

117 494 238 536 finem
272 493 411 547 attigit
433 492 647 534 Emericus
669 493 871 545 Bigofius,
905 491 973 545 qui
1008 490 1193 532 codicem
1219 491 1392 544 Regium
1415 491 1652 533 Parisinum
1686 491 1776 542 (ho-

118 561 186 604 die
208 574 271 603 no,
302 564 427 613 1⁴19)
458 565 499 602 et
530 559 635 601 duos
658 560 921 602 Florentinos
954 558 1127 600 contulit
1158 557 1233 600 sed
1264 571 1344 599 non
1369 558 1476 600 ultra
1508 559 1775 601 collationem

116 628 332 684 processit.
386 641 509 680 quem
541 628 581 670 in
605 628 757 669 Galliis
789 628 956 681 excepit
978 626 1219 681 Stephanus
1245 626 1491 668 Monachius
1512 627 1570 677 (le
1593 627 1777 680 Moyne),

116 696 157 739 in
189 695 417 738 Germania
448 695 655 738 Iohannes
686 695 877 738 Andreas
912 695 1058 737 Bosius
1099 694 1297 735 historiae
1330 695 1541 747 professor
1573 694 1773 747 Ienensis,

117 763 187 817 qui
218 763 271 805 ab
302 763 399 817 imp.
423 763 639 818 Leopoldo
663 764 916 818 impetrauit,
947 768 990 804 ut
1017 761 1183 804 codices
1206 761 1555 804 Vindobonenses
1578 768 1775 813 quattuor

115 831 257 886 graeci
288 835 371 873 tres
402 831 520 873 latini
553 831 631 872 sibi
663 831 944 884 mitterentur3
977 830 1118 883 graeci
1149 834 1266 871 erant
1298 829 1476 882 primum
1501 829 1632 871 codex
1658 832 1776 872 Sam-

117 898 210 941 buci
234 898 315 952 (S),
347 899 454 941 alter
480 899 786 951 Busbeffianus,
819 898 963 940 tertius
995 898 1150 940 bellum
1173 896 1389 938 Iudaicum
1422 897 1621 950 habebat,
1655 910 1773 950 quar-

116 971 183 1010 tus
205 967 356 1008 librum
381 966 740 1008 Maccahaeorum.
793 969 1014 1020 praeterea
1044 964 1191 1006 habuit
1222 964 1387 1007 codices
1410 964 1650 1019 Lipsienses
1672 963 1777 1006 duos

115 1035 292 1078 alterum
330 1034 546 1087 Latinum,
587 1034 765 1075 alterum
813 1033 912 1075 belli
948 1032 1107 1075 Iudaici
1151 1044 1371 1086 graecum,
1413 1032 1561 1074 librum
1607 1033 1776 1074 Porten-

116 1115 204 1146 sem
236 1106 277 1144 et
308 1101 707 1156 Hennebcrgenscm
741 1099 1176 1155 (Schleusingensem)
1217 1100 1425 1155 aliosque,
1473 1113 1553 1153 quo
1594 1113 1780 1143 accesse-

117 1176 212 1214 runt
243 1184 293 1213 ea
325 1183 433 1223 quac
456 1170 644 1223 Bigotius
677 1169 918 1222 collegerat,
951 1173 996 1210 ut
1025 1168 1176 1210 Bosius
1210 1168 1378 1222 quidem
1418 1168 1600 1210 omnium
1624 1168 1778 1224 optime

116 1239 341 1280 instructus
372 1250 464 1279 esse
495 1237 718 1280 uideretur.
779 1250 926 1279 uerum
965 1236 1087 1278 huius
1128 1248 1293 1288 quoquc
1334 1236 1411 1278 uiri
1452 1236 1628 1278 consilia
1667 1249 1776 1279 anno

124 1308 225 1347 1674
259 1318 368 1347 mors
400 1305 590 1347 abscidit.
652 1304 727 1347 sed
761 1305 873 1357 quod
915 1304 986 1346 alii
1020 1304 1241 1345 uoluerunt
1275 1306 1462 1346 fecerunt
1494 1304 1630 1357 Angli,
1663 1303 1777 1358 apud

118 1387 223 1427 quos
255 1373 457 1426 eo'c'mptis
488 1373 548 1415 eis
579 1385 688 1425 quae
720 1373 882 1414 Petitus
914 1377 955 1413 et
976 1371 1126 1413 Bosius
1158 1371 1416 1426 collegerant
1437 1376 1464 1425 ¹)
1495 1372 1674 1424 aliisque
1705 1370 1776 1412 ad-

117 1442 215 1483 ditis
247 1441 431 1483 maxima
464 1445 663 1494 congesta
696 1444 759 1482 est
787 1439 1069 1482 subsidiorum
1093 1439 1226 1493 copia,
1259 1439 1409 1492 quibus
1434 1452 1531 1481 usus
1554 1439 1778 1481 Eduardus

117 1507 354 1552 Bernartius
376 1508 601 1562 Iosephum
624 1507 749 1550 edere
774 1507 922 1561 coepit.
974 1506 1220 1561 prodierunt
1243 1507 1368 1558 igitur
1391 1505 1544 1549 Oxcnii
1568 1521 1590 1549 e
1613 1507 1777 1550 theatro

118 1575 404 1619 Sheldoniano
444 1588 553 1618 anno
601 1577 703 1616 1687
746 1575 807 1616 N.
842 1574 1010 1628 Ios-ephi
1052 1575 1319 1615 historiarum
1361 1573 1411 1613 de
1460 1574 1564 1613 bello
1605 1574 1776 1614 Iudaico

117 1643 220 1684 liber
246 1645 408 1698 primus
439 1649 479 1682 et
505 1658 608 1695 pars
636 1641 866 1695 secundm),
901 1642 1043 1696 quibus
1074 1657 1122 1682 ea
1142 1642 1370 1682 summatim
1394 1643 1652 1682 continentur
1675 1657 1778 1697 quae

124 1711 317 1766 Iosephus
336 1710 481 1765 fusius
504 1712 777 1765 prosequitur
795 1711 1017 1763 postremis
1037 1723 1183 1750 nouem
1205 1709 1494 1763 antiquilatum
1519 1709 1646 1749 libris.
1690 1711 1777 1763 qui-

117 1780 194 1822 bus
225 1779 349 1821 editis
380 1779 619 1833 Stephanus
650 1778 895 1820 Monachius
926 1776 1145 1819 consilium
1178 1777 1404 1831 Iosephum
1432 1777 1584 1820 edendi
1611 1778 1779 1820 abiecit.

117 1847 192 1889 sed
223 1860 249 1889 a
267 1845 484 1889 Bernardo
514 1845 725 1900 inceptum
756 1859 860 1900 opus
891 1846 1122 1900 perfectum
1153 1857 1236 1886 non
1262 1849 1336 1887 est.
1388 1858 1480 1887 cum
1505 1845 1615 1888 enim
1645 1859 1779 1888 more-

116 1919 240 1968 retur,
263 1918 431 1969 praeter
451 1914 665 1969 specimen
687 1913 846 1956 editum
868 1912 1042 1968 perfecti
1064 1916 1182 1955 erant
1198 1912 1494 1965 antiquitatum
1512 1913 1778 1956 Iudaicarum

115 1983 211 2026 libri
231 1982 319 2025 IIII
350 1986 390 2024 et
421 1994 520 2036 pars
552 1981 684 2035 quinti
699 1982 731 2034 3)
766 1984 807 2024 et
837 1984 984 2036 postea
1005 1994 1114 2023 anno
1141 1982 1246 2021 1700
1268 1993 1352 2023 una
1377 1994 1469 2023 cum
1493 1981 1595 2023 belli
1616 1980 1779 2024 Iudaici

115 2050 342 2106 specimine
380 2048 535 2093 Oxonii
572 2048 829 2104 prodierunt.
893 2049 935 2090 in
978 2048 1130 2101 quibus
1169 2061 1263 2090 cum
1300 2048 1464 2101 graecis
1502 2049 1643 2091 uerbis
1683 2062 1778 2092 con-

115 2118 257 2161 iuncta
294 2121 390 2161 sunt
429 2116 562 2159 latina
601 2129 653 2159 ex
693 2117 909 2160 codicibus
947 2116 1084 2159 denuo
1118 2115 1250 2168 edita3
1292 2115 1334 2156 in
1366 2117 1665 2160 commentario
1706 2118 1777 2159 ad-

115 2186 250 2229 iectae
289 2190 386 2229 sunt
422 2185 567 2244 uariae
607 2185 808 2228 lectiones
842 2199 894 2228 ex
926 2183 1141 2228 codicibus
1180 2187 1222 2227 et
1250 2183 1414 2237 graecis
1455 2188 1497 2226 et
1526 2184 1669 2226 latinis
1707 2197 1777 2226 ex-

117 2258 303 2308 cerptae3
345 2252 528 2305 denique
559 2252 818 2307 comparatio
851 2256 914 2295 est
944 2252 1135 2294 instituta
1165 2252 1274 2294 inter
1305 2251 1533 2306 Iosephum
1565 2256 1606 2294 et
1636 2265 1778 2295 sacras

117 2320 477 2373 Talmudicasque
509 2321 683 2363 litteras.
735 2321 886 2374 quibus
909 2320 1119 2374 congestis
1140 2318 1379 2362 Bernardus
1409 2320 1645 2374 composuit
1675 2333 1779 2374 opus

117 2387 407 2431 doctissimum
439 2391 481 2430 et
512 2388 626 2430 omni
656 2389 783 2431 laude
815 2387 1000 2442 dignum.
1060 2387 1155 2442 ipsa
1185 2391 1327 2430 tamen
1358 2386 1489 2429 uerba
1518 2386 1559 2427 in
1593 2386 1779 2430 editione

116 2456 302 2511 principe
332 2460 569 2510 propagata
599 2469 682 2498 non
712 2456 772 2498 ita
804 2455 956 2509 attigit,
989 2461 1034 2497 ut
1055 2468 1209 2497 nouam
1232 2467 1286 2496 ex
1308 2455 1522 2498 codicibus
1543 2454 1779 2497 institueret

116 2523 414 2576 recensionem,
446 2524 522 2565 sed
553 2528 597 2565 ut
627 2523 784 2577 passim
815 2523 971 2566 menda
1002 2523 1128 2566 obuia
1150 2523 1386 2576 corrigeret.
1438 2522 1642 2564 Bernardi
1672 2536 1777 2578 opus

118 2590 428 2643 quodammodo
460 2591 673 2645 suppleuit
693 2591 905 2634 Iohannes
926 2590 1115 2643 Hudson,
1147 2604 1173 2633 a
1204 2603 1285 2643 quo
1318 2589 1455 2632 editus
1488 2594 1551 2631 est
1572 2590 1777 2644 Iosephus

232 2782 262 2820 1)
288 2779 396 2814 etiam
420 2791 516 2815 nunc
540 2780 642 2815 Bosii
667 2781 822 2816 schedae
855 2783 978 2816 extare
1011 2780 1182 2814 uidentur
1207 2778 1337 2814 Oxonii
1368 2778 1406 2812 in
1432 2778 1555 2813 codice
1580 2779 1778 2815 Bodleiano

117 2834 263 2869 miscell.
292 2837 353 2869 167
380 2836 476 2878 (uide
502 2836 605 2871 Coxii
630 2837 832 2881 catalogum
855 2837 872 2871 I
895 2848 931 2881 p.
959 2838 1047 2878 716).

232 2893 265 2931 2)
289 2902 403 2935 usque
428 2893 474 2927 ad
499 2903 529 2928 c.
558 2895 598 2927 14
622 2895 641 2935 ξ
667 2897 698 2927 5.

233 2950 265 2988 3)
290 2948 380 2983 liber
412 2949 557 2993 quintus
589 2949 708 2984 editus
742 2952 796 2985 est
828 2959 941 2993 usque
972 2949 1018 2982 ad
1045 2958 1075 2982 c.
1101 2947 1117 2980 Ι
1142 2948 1160 2990 ξ
1185 2949 1224 2980 27
1256 2942 1521 2983 ἀναδάσασθαι
1555 2950 1617 2983 καὶ
1643 2946 1781 2995 ταύτην

121 2996 299 3046 (ἀνεῖναι).
