2091 3418
593 222 753 266 ANTIQ.
780 222 875 257 IUD.
904 222 933 255 V
963 224 1135 256 101—107
1163 225 1255 260 (12⁶)
1678 218 1758 255 313

94 339 182 379 τῶν
213 336 290 379 τὸν
319 334 471 390 βωμὸν
505 335 805 389 ἱδρυσαμένων
837 334 1189 389 περαιωσόμενοι
1213 333 1290 375 τὸν
1312 331 1515 385 ποταμὸν
1537 333 1608 374 καὶ
1629 327 1760 373 κολά-

96 419 246 453 σοντες
278 401 436 453 αὐτοίς
463 404 540 458 τῆς
570 404 865 457 παρατροπῆς
889 405 976 444 τῶν
1009 405 1208 456 πατρίων
1241 400 1372 442 ἐθιῦν.
1425 396 1473 442 οὐ
1505 398 1586 454 γὰρ
1619 396 1760 440 ε’δόκει
1795 401 1873 441 102

95 470 174 528 τὴν
214 474 462 527 συγγένειαν
504 466 661 519 αὐτοὺς
705 468 962 524 λογίζεσθαι
994 470 1065 511 καὶ
1099 467 1146 510 τὸ
1182 464 1356 521 ἀξίωμα
1387 469 1473 508 τῶν
1504 465 1581 521 τὴν
1615 465 1760 508 αἰτίαν

97 538 368 595 εἰληφότων,
411 533 521 579 ἀλλὰ
552 536 600 579 τὸ
642 539 717 578 τοῦ
759 539 869 578 θεοῦ
907 535 1121 592 βουλητὸν
1161 537 1232 577 καὶ
1265 531 1298 589 (ᾗ
1331 534 1485 589 τρόπῳ
1515 533 1762 586 τιμώμενος

44 616 63 648 5
92 610 250 661 χαίρει.
300 607 370 648 καὶ
406 605 547 658 οἱμὲν
571 604 864 659 ἕστράτεισαν
889 599 966 645 ἱπ’
994 601 1136 658 ὀργῆς,
1170 601 1202 644 ἐ
1200 605 1326 654 εέσχε
1354 598 1394 642 δ’
1423 597 1581 650 αἰτους
1598 596 1761 657 Ἰνσοῦς
1797 603 1872 644 103

95 675 166 716 καὶ
199 671 221 716 o‘
256 669 480 728 ἆρχιερείς
506 668 760 727 Ἐ2εάζαρος
790 673 861 713 καὶ
902 668 924 727 ἡ
957 674 1164 726 γεροισιά
1204 669 1351 724 λόγοις
1393 667 1762 722 σιμμοιλεόοντες

97 738 352 795 ἀπόπειραν
392 758 444 781 αι
450 757 535 781 των
566 742 642 795 της
682 738 856 795 γνώμης
888 739 1037 792 λαθεῖν
1069 739 1266 813 πρῶτον,
1307 732 1450 778 «ἔπειτ’
1478 753 1530 777 αν
1561 734 1759 792 κακοήθη

93 807 280 862 μάθωσι
310 806 388 864 την
420 806 622 849 διάνοιαν
655 802 797 848 αἰτῶν
828 805 928 848 τότε
958 814 1052 855 τοῖς
1094 800 1253 853 όπ2οις
1291 812 1446 859 χωρεῖν
1487 798 1561 845 επ)
1590 800 1760 852 αἰτοῦ-ς.

94 878 351 930 πέμποισιν
383 873 458 917 οἰν
489 873 762 929 πρεσβευτὰς
794 872 906 949 πρὸς
943 868 1100 921 αὐτοις
1133 874 1347 927 Φινεέσην
1377 869 1454 912 τὸν
1494 869 1589 913 υἱὸν
1616 866 1760 912 ’.Ε2εα-
1794 875 1874 914 104

27 949 64 983 10
95 942 225 998 ζάρου
257 944 329 985 καὶ
377 942 479 983 δέκα
519 940 596 983 σίν
639 938 756 997 αἰτῳ
788 943 875 982 τῶν
916 957 960 982 εν
990 942 1095 996 τιμή
1136 937 1259 992 παρὰ
1298 947 1392 986 τοῖς
1418 934 1636 993 Ἑβραίοις
1675 955 1760 991 μα-

93 1013 385 1067 θησομένους,
418 1013 461 1051 τί
482 1011 553 1051 καὶ
580 1009 879 1065 φρονήσαντες
904 1006 981 1050 τὸν
1011 1005 1161 1061 βωμὸν
1194 1005 1267 1048 ἐπὶ
1290 1008 1368 1061 τῆς
1398 1002 1538 1061 ὄχθης
1567 1007 1645 1047 τοῦ
1676 1021 1761 1046 πο-

93 1079 233 1131 ταμοῦ
267 1076 499 1131 διαβάντες
531 1076 731 1133 ἔστησαν.
783 1072 842 1126 (ὃς
865 1075 911 1117 δὲ
942 1076 1320 1130 περαιωσαμένων
1351 1075 1424 1115 καὶ
1455 1071 1570 1127 πρὸς
1601 1067 1760 1121 αὐτοὺς
1793 1077 1872 1116 105

95 1140 375 1201 ἀφικομένων
415 1142 618 1200 ἐκκλησία
659 1145 881 1200 συνελέγη,
922 1141 1028 1192 στας
1062 1144 1275 1197 Φινεέσης
1312 1140 1446 1194 μείζω
1487 1140 1566 1194 μὲν
1603 1136 1760 1189 αὐτοὺς

95 1209 307 1266 ἁμαρτεῖν
340 1211 495 1266 ἔλεγεν,
527 1205 554 1266 ἢ
577 1206 690 1253 ὥστε
721 1210 869 1289 λόγοις
896 1209 1244 1266 ἐπιτιμηθέντας
1271 1209 1626 1264 νενουθετῆσθαι
1647 1205 1761 1261 πρὸς

27 1286 63 1321 15
93 1277 148 1321 τὰ
178 1280 417 1333 μέλλοντα·
450 1277 567 1334 π2ὴν
599 1274 647 1321 οὗ
682 1277 794 1359 πρὸς
823 1277 873 1320 τὸ
901 1280 1093 1333 μέγεθος
1113 1279 1190 1331 τῆς
1211 1279 1493 1331 παρανομίας
1515 1270 1761 1324 ἀπιδόντας

95 1342 230 1397 εῦθΐς
263 1343 336 1404 efp'
363 1341 483 1389 όπ2α
513 1348 584 1389 καὶ
616 1345 663 1402 τὴ
675 1364 694 1388 ν
726 1345 770 1388 ἐκ
797 1348 955 1401 χειριῦν
985 1348 1203 1400 τιμωρίαν
1234 1341 1448 1399 ὁρμῆσαι,
1486 1340 1600 1395 πρὸς
1632 1341 1678 1384 δὲ
1709 1339 1758 1383 τὸ

95 1414 294 1470 σιγγενὲς
324 1415 397 1456 καὶ
427 1412 476 1456 τὸ
510 1413 621 1467 τάχα
652 1416 725 1456 καὶ
758 1413 904 1496 2όγοις
927 1430 978 1455 αν
1005 1414 1293 1468 σωφρονῆσαι
1315 1410 1624 1465 σκοπήσαντας
1647 1403 1760 1451 ου’τω

93 1481 379 1537 ποιήσασθαι
402 1480 480 1537 τὴν
512 1485 765 1535 πρεσβείαν,
800 1499 871 1523 ινα
900 1479 978 1536 τὴν
1002 1479 1149 1522 αἰτίαν
1179 1477 1404 1533 μαθόντες
1433 1473 1511 1534 E'cp
1537 1473 1588 1533 ἧς
1619 1476 1759 1532 προη-
1794 1481 1872 1521 106

90 1552 231 1605 χθητε
270 1548 347 1591 τὸν
386 1548 538 1602 βωμὸν
576 1548 901 1591 κατασκευάσαι
940 1546 1049 1603 μήτε
1086 1555 1327 1602 προπετεῖς
1367 1546 1562 1599 δοκῶμεν
1602 1540 1761 1594 ὅπλοις

26 1625 66 1658 20
94 1616 318 1670 μετιόντες
350 1613 462 1670 ’ὑμᾶς
492 1615 603 1658 κατὰ
635 1614 845 1671 λογισμὸν
873 1610 998 1657 ὅσιον
1020 1617 1349 1671 ποιησαμένους
1369 1612 1446 1655 τὸν
1466 1611 1630 1667 βωμόν,
1662 1629 1761 1654 κατι

96 1684 278 1734 δικαίως
317 1679 590 1737 ἀμυνώμεθα
628 1685 705 1739 τῆς
744 1683 953 1738 διαβολῆς
994 1680 1275 1738 ἐλεγχθείσης
1317 1677 1527 1737 ἀληθοῦς.
1588 1675 1637 1721 οῦ
1678 1678 1760 1735 γὰρ
1794 1684 1871 1724 107

93 1747 300 1806 ἠξιοῦμεν
333 1748 446 1805 ὑμᾶς
477 1755 613 1807 πείρᾳ
643 1752 721 1807 τῆς
747 1752 822 1792 τοῦ
854 1751 964 1791 θεοῦ
994 1748 1168 1805 γνώμης
1199 1747 1321 1798 ἐντὸς
1350 1749 1658 1804 γεγενημένους
1688 1749 1760 1789 καὶ

95 1818 241 1873 νόμων
272 1814 332 1860 ὦν
365 1814 496 1868 αὐτὸς
516 1815 620 1873 ἡμῖν
643 1817 828 1860 δέδωκεν
851 1812 1070 1872 ἀκροατὰς
1094 1813 1385 1871 ὑπάρχοντας,
1423 1814 1761 1867 διαζευχθέντας

98 1884 218 1943 ἡμῶν
248 1887 321 1929 καὶ
351 1885 578 1941 παρόντας
609 1884 672 1935 εἷς
702 1884 779 1927 τὸν
815 1884 931 1927 ἰ’διον
960 1885 1131 1941 κλῆρον,
1164 1882 1213 1926 ὃν
1244 1882 1354 1925 κατὰ
1385 1882 1511 1936 χάριν
1541 1884 1619 1924 τοῦ
1649 1885 1761 1925 θεοῦ

25 1962 64 1996 25
94 1955 166 1997 καὶ
188 1955 263 2010 τῆς
292 1952 456 1996 ἐκείνου
478 1953 582 2008 περὶ
603 1949 719 2009 ἡμᾶς
738 1956 954 2008 προνοίας
976 1951 1163 2005 ἐλάχετε,
1197 1950 1339 2008 λήθην
1361 1951 1512 2004 λαβεῖν
1535 1945 1668 1992 αὐτοῦ
1688 1951 1761 1992 καὶ

209 2090 229 2131 ξ
256 2091 318 2123 101
343 2103 388 2115 =
411 2088 522 2123 Iosua
545 2087 650 2122 XXII
677 2090 729 2122 12.

208 2211 673 2247 ROMSPLELatZonaras
697 2210 714 2244 Ι
737 2221 773 2254 p.
800 2212 854 2245 80.

213 2271 226 2302 1
248 2271 323 2304 τῶν
340 2278 408 2302 om.
422 2267 483 2301 OL
566 2264 634 2302 τὸν
652 2277 718 2301 om.
733 2266 767 2301 R
847 2263 1113 2302 *κολάσαντεσ
1133 2265 1164 2298 L
1247 2267 1265 2298 ἰ’
1289 2260 1555 2309 ὓπόπειρανΜ
1626 2257 1761 2304 αὐτῶν]

96 2354 238 2394 αὖτοὺσ
262 2357 325 2392 RO
397 2352 516 2392 ἔπειτ’
533 2353 593 2397 ἄν]
619 2352 738 2392 ἔπειτ’
765 2353 812 2392 ἄν
834 2369 878 2402 γε
902 2356 926 2391 S
950 2358 987 2391 et
1009 2355 1048 2389 in
1069 2354 1244 2399 suppletis
1261 2354 1292 2388 L
1317 2350 1446 2390 ἔπειτά
1472 2332 1530 2398 y?
1545 2351 1572 2386 P
1644 2354 1662 2386 8
1688 2349 1761 2388 διά-

96 2417 217 2455 νοιαν]
243 2413 281 2449 δὲ
305 2410 441 2449 ἄνοιαν
458 2413 487 2446 L
561 2406 705 2454 ὅπλοις]
734 2409 867 2457 ὅχλοισ
886 2412 909 2446 S
981 2415 1000 2447 9
1026 2411 1164 2455 *finees
1181 2412 1262 2453 Lat,
1287 2410 1371 2444 item
1389 2408 1486 2442 infra
1558 2411 1593 2441 11
1622 2405 1762 2454 φρονή-

96 2482 247 2512 σαντεσ,
272 2481 315 2505 εσ
339 2480 384 2504 ex
410 2481 459 2504 ασ
484 2479 575 2503 corr.
601 2468 665 2503 RO
759 2471 834 2514 τῆς]
859 2473 946 2504 τοῖσ
969 2467 1002 2502 R
1100 2469 1140 2501 13
1165 2465 1390 2512 *ἐκκλησίαν
1413 2464 1447 2498 R
1547 2463 1762 2509 *συνελέγει

95 2525 136 2560 Μ
219 2526 353 2570 μείζον
377 2524 407 2559 L
431 2525 549 2559 maius
572 2524 644 2559 Lat
731 2527 772 2558 14
797 2520 993 2571 ἁμαρτοῦν
1015 2523 1048 2558 Ε
1133 2526 1173 2557 15
1199 2516 1415 2562 ἀπιδόντας]
1441 2515 1698 2555 άποδιδόντασ
1722 2520 1762 2555 Μ

97 2577 318 2623 οἷπιὸόντασ,
343 2576 434 2617 ἀπιδ
456 2581 494 2615 in
519 2580 692 2624 suppletis
716 2581 747 2615 L
863 2582 904 2614 16
928 2574 994 2615 ἐπ’
1021 2576 1121 2615 ὅπλα
1145 2578 1185 2613 Μ
1292 2575 1335 2613 ἐκ
1359 2587 1427 2611 om.
1452 2576 1480 2610 P
1592 2578 1631 2609 19
1655 2573 1762 2621 μήτε]

96 2639 145 2684 μή
171 2652 205 2674 τι
222 2637 381 2673 Dindorf
469 2640 511 2671 20
535 2633 633 2672 κατὰ
659 2634 955 2682 λογισμὸν-22
980 2631 1076 2679 υμᾶς
1101 2645 1167 2669 om.
1182 2633 1246 2668 ΒΟ
1339 2629 1436 2669 κατὰ
1462 2629 1702 2677 λογισμὸν-
1719 2634 1758 2666 21

97 2690 275 2741 αληθοῦς]
301 2698 420 2727 utrum
445 2693 634 2727 uoluntate
656 2696 785 2726 sancta
808 2692 950 2736 fecestis
966 2691 1033 2725 Ιιοσ
1050 2702 1099 2724 an
1115 2701 1155 2724 re
1172 2701 1260 2724 uera
1278 2689 1387 2734 culpa
1405 2688 1643 2729 commzcz'tur,
1667 2687 1762 2723 uncle

95 2750 134 2785 in
157 2750 261 2785 uobis
285 2750 414 2784 iustius
437 2749 657 2783 ulciscamur
679 2747 753 2782 Lat
861 2740 982 2782 όσιονῚ
1008 2750 1117 2783 θεῖον
1141 2745 1369 2790 (rescriptum
1392 2744 1431 2778 in
1454 2743 1497 2785 L)
1522 2743 1578 2777 SL
1692 2740 1762 2779 τὸν

97 2817 165 2842 om.
191 2806 245 2841 SP
338 2808 437 2846 κατι]
462 2804 501 2838 Μ
524 2806 588 2840 καὶ
613 2800 665 2840 ε’τι
691 2804 714 2839 S
739 2803 773 2839 εἰ
795 2803 833 2840 δὲ
858 2802 989 2840 ἄδικον
1011 2802 1040 2837 Ρ
1067 2801 1101 2838 εἰ
1123 2801 1161 2838 δὲ
1185 2798 1317 2837 α’δικον
1339 2802 1403 2835 καὶ
1427 2800 1465 2834 τί
1487 2798 1518 2833 L
1544 2801 1607 2834 καὶ
1631 2799 1687 2834 ed.
1705 2810 1760 2844 pr.

211 2865 248 2897 21
278 2857 502 2906 ἀμυνόμεθα
526 2857 562 2901 (ό
587 2870 632 2895 ex
656 2853 688 2896 ω’
712 2870 804 2894 corr.
818 2859 854 2902 S)
880 2859 935 2894 SL
1053 2853 1222 2903 ἅληθοῦσ
1245 2855 1490 2901 ἐλεγχθείσησ
1514 2857 1559 2889 tr.
1583 2855 1671 2890 SPL

97 2921 141 2953 22
165 2913 271 2965 ἠξίου
293 2917 363 2962 μὲν
380 2917 410 2951 L
512 2917 552 2950 23
579 2912 717 2952 ἔδωκεν
732 2915 803 2950 ML
912 2914 1209 2960 διαζευχθέντας]
1235 2912 1515 2958 διαχευθέντασ,
1539 2910 1562 2945 i.
1577 2921 1688 2955 marg.
1714 2924 1762 2957 γρ

99 2973 390 3021 ὃιαζευχθέντασ
414 2972 454 3007 Μ
547 2974 589 3006 25
615 2967 724 3017 ἔλαχέ
747 2984 788 3008 τε
812 2971 842 3005 L
936 2968 1079 3007 αὖτούσ
1103 2968 1167 3004 Ro
