2060 3475
785 234 981 270 Praefatio.
1544 236 1713 271 XXXVII

54 349 95 391 X
117 350 142 402 ξ
162 351 241 390 265
264 347 338 390 ΒΟ
360 348 563 390 exhibent
584 348 819 390 πολιοῦται
845 362 918 403 pro
942 348 1197 401 reliquorum
1220 354 1404 391 monstro
1428 349 1713 400 κιαλαιοῖιαι,

56 416 167 471 quod
199 430 280 458 non
302 429 461 464 uereor,
493 429 544 458 nc
567 429 692 469 quem
715 415 976 459 defensorem
999 416 1248 472 adepturum
1270 417 1335 459 sit.
1368 417 1560 460 similiter
1591 419 1711 462 inter-

53 484 287 540 polationes
318 488 390 526 aut
421 484 683 539 corruptelae
714 484 907 526 sublatae
938 489 1033 526 sunt
1063 485 1103 526 in
1136 484 1208 526 ΗΟ
1241 486 1258 527 Ι
1289 487 1325 537 3,
1350 488 1419 536 3¹3
1453 485 1528 539 IX,
1553 489 1618 540 522,
1648 489 1715 540 99,

54 554 134 592 205
166 551 394 605 multisque
424 552 519 594 aliis
551 552 664 593 locis.

167 619 221 661 Vt
250 619 378 673 igitur
408 619 591 661 breuiter
623 618 761 661 dicam
784 619 896 674 quod
923 633 989 662 res
1012 623 1096 672 est,
1127 617 1293 660 codices
1318 618 1390 661 ΗΟ
1423 628 1600 675 apparet
1630 637 1713 665 om-

52 687 167 729 nium
198 687 321 741 longe
352 686 533 741 optimos
565 700 659 729 esse
690 691 731 729 et
762 688 943 729 maxime
979 687 1134 729 liberos
1166 686 1219 728 ab
1251 685 1644 741 interpolationibus
1677 696 1719 734 et

53 754 238 796 omnium
269 754 468 797 librorum
499 754 730 809 archetypo
761 755 1019 807 si1nillimos3
1056 754 1132 796 hos
1164 753 1289 807 igitur
1324 753 1526 809 imprimis
1568 757 1622 799 ad
1656 758 1717 800 Io-

54 821 177 876 sephi
217 822 350 864 uerba
387 822 647 864 restituenda
677 820 873 864 adhiberi
909 834 1081 864 necesse
1112 825 1186 863 est.
1247 826 1409 864 ceteros
1447 836 1546 865 uero
1578 826 1720 868 multis

54 889 158 932 locis
196 888 472 944 interpolatos
511 894 552 932 et
591 892 871 932 correctorum
912 889 1150 931 temeritate
1187 887 1358 931 uitiatos
1395 903 1488 932 esse
1519 893 1719 947 cognoui3

55 969 186 1009 quare
225 968 353 1010 saepe
392 968 465 998 eos
502 970 554 999 ne
594 961 680 999 tum
722 957 892 1009 quidem
923 956 1013 998 sine
1045 955 1326 999 haesitatione
1357 957 1596 1010 sequendos
1629 973 1722 1003 esse

56 1024 319 1077 existimaui,
359 1036 452 1065 eum
484 1024 660 1067 meliora
689 1028 762 1066 aut
791 1023 1080 1078 probabiliora
1119 1029 1193 1066 aut
1223 1024 1487 1079 elegantiora
1517 1027 1721 1070 exhibere

55 1091 321 1134 uidebantur.
382 1104 518 1144 neque
549 1092 661 1134 enim
692 1105 785 1134 raro
817 1093 974 1134 factum
1006 1095 1092 1146 est,
1132 1096 1177 1133 ut
1208 1091 1281 1134 ΒΟ
1314 1093 1506 1146 quamuis
1537 1095 1723 1150 corrupti

56 1163 198 1202 tamen
229 1173 255 1201 a
285 1159 463 1201 ueritate
493 1159 664 1213 propius
696 1158 836 1201 absint
868 1173 994 1213 quam
1026 1159 1168 1212 ceteri,
1201 1160 1356 1214 quippe
1382 1161 1453 1213 qui
1484 1174 1611 1216 saepe
1641 1177 1724 1205 non

57 1240 80 1269 e
102 1226 317 1269 codicibus
339 1227 596 1280 melioribus,
627 1226 702 1269 sed
725 1231 1004 1269 correctorum
1027 1227 1203 1269 libidine
1226 1227 1440 1270 emendati
1462 1228 1563 1271 sint:
1596 1231 1725 1272 ueluti

58 1293 232 1347 V1251‚
264 1297 343 1335 302
385 1298 580 1349 corrupta
610 1298 728 1348 sunt,
760 1293 837 1336 sed
869 1307 921 1336 ex
953 1295 1054 1336 solis
1085 1293 1158 1337 ΒΟ
1199 1295 1415 1337 emendari
1446 1302 1642 1350 possunt,
1684 1303 1726 1340 et

58 1362 136 1404 sub
167 1361 291 1404 finem
323 1360 420 1403 libri
442 1361 520 1403 VII
551 1362 576 1412 ἓ
600 1364 680 1402 390
713 1362 884 1403 minime
915 1375 1021 1403 sana
1051 1366 1148 1403 sunt
1178 1374 1287 1414 quae
1310 1376 1363 1405 ex
1384 1363 1458 1406 ΒΟ
1490 1365 1531 1406 in
1563 1369 1726 1408 textum

58 1430 218 1484 recepi3
257 1442 361 1471 caue
401 1433 544 1471 tamen
574 1442 628 1470 ne
659 1430 842 1482 genuina
877 1429 1045 1482 credaS‚
1086 1442 1194 1482 quae
1230 1429 1272 1471 in
1307 1431 1479 1483 reliquis
1511 1432 1727 1476 codicibus

59 1502 155 1539 sunt
176 1491 302 1545 οὗτος
325 1492 505 1550 ἄριστος
528 1491 636 1551 ἀνὴρ
660 1495 826 1551 ἐγένετο
859 1497 931 1538 καὶ
964 1497 1113 1538 πᾶσαν
1147 1492 1304 1552 ἀρετὴν
1335 1497 1442 1549 ἔχων
1475 1498 1524 1553 ἢν
1555 1498 1643 1542 ἔδει
1665 1503 1728 1556 τῷ

57 1565 235 1618 βασιλεῖ
271 1565 344 1605 καὶ
380 1563 604 1605 τοσούτων
645 1562 790 1605 ἐθνῶν
836 1567 1057 1619 σωτηρίαν
1095 1562 1448 1620 ἐγκεχειρισμένῳ
1479 1576 1728 1621 προσεῖναι,

62 1644 172 1685 quae
204 1631 478 1674 coniectando
510 1632 649 1686 potius
681 1645 733 1674 ex
765 1632 849 1673 illis
879 1631 1031 1674 effecta
1060 1636 1167 1673 sunt.
1214 1632 1342 1674 etiam
1364 1633 1421 1675 VI
1444 1636 1524 1674 279
1555 1648 1638 1677 non
1669 1640 1728 1677 te-

60 1713 176 1742 mere
207 1699 390 1741 omissae
421 1702 516 1740 sunt
547 1699 589 1741 in
612 1698 684 1741 RO
714 1711 839 1741 uoces
872 1694 991 1753 αὐτῷ
1020 1696 1099 1754 τὴν
1122 1694 1308 1751 εὔνοιαν,
1341 1714 1451 1754 quae
1483 1701 1525 1744 in
1556 1702 1729 1756 reliquis

63 1767 200 1810 alieno
246 1767 337 1809 loco
384 1771 551 1821 extant,
594 1770 640 1808 ut
678 1770 884 1821 appareat
925 1779 998 1808 eas
1036 1766 1079 1808 in
1109 1766 1342 1822 archetypo
1375 1769 1552 1811 omissas
1581 1775 1731 1824 postea

63 1848 147 1878 non
176 1837 290 1876 recte
319 1834 538 1888 suppletas
581 1847 686 1876 esse.
742 1847 793 1876 ea
824 1833 950 1888 igitur
989 1846 1097 1886 quae
1132 1833 1206 1876 Ro
1247 1834 1444 1877 omittunt
1482 1837 1732 1891 plerumque

62 1905 260 1956 suspecta
287 1901 487 1943 habenda
525 1904 621 1942 sunt
657 1905 826 1955 praeter
865 1914 917 1943 ea
958 1914 1067 1954 quae
1099 1905 1246 1956 aperto
1286 1902 1552 1946 librariorum
1592 1919 1731 1948 errore

62 1969 220 2011 omissa
249 1972 357 2022 sunt,
388 1969 496 2011 sicut
525 1968 734 2011 interdum
766 1969 1118 2012 homoeoteleutis
1149 1971 1306 2012 factum
1340 1975 1416 2024 est,
1447 1975 1492 2014 ut
1520 1972 1731 2024 quaedam

61 2036 194 2079 uerba
222 2036 460 2091 interirent,
496 2037 628 2079 ueluti
659 2037 678 2078 I
709 2038 761 2088 ἐξ
792 2039 858 2090 94,
890 2039 977 2088 130,
1009 2037 1046 2078 V
1076 2037 1128 2089 ἓξ
1154 2040 1243 2087 150,
1272 2040 1363 2092 194,
1394 2039 1436 2079 X
1468 2042 1515 2079 51
1551 2041 1731 2093 aliisque

62 2103 222 2158 lociS.¹)
253 2117 331 2146 nec
354 2103 506 2147 desunt
535 2103 722 2147 omnium
743 2117 947 2157 generum
968 2103 1085 2158 uitia,
1117 2105 1262 2157 qualia
1292 2106 1420 2158 uulgo
1442 2107 1484 2148 in
1516 2107 1731 2151 codicibus

65 2183 157 2214 esse
187 2172 337 2225 solent,
368 2172 498 2226 uelut,
529 2176 576 2214 ut
605 2185 735 2214 unum
767 2172 1008 2226 exemplum
1039 2171 1244 2226 adferam,
1276 2173 1334 2215 IV
1354 2175 1378 2225 ξ
1401 2177 1478 2214 251
1512 2175 1732 2230 πειράσας

64 2239 120 2282 ab
140 2238 215 2282 ΒΟ
247 2239 582 2294 οοῐωρϊῑιωεεϊ
610 2239 653 2281 in
684 2242 857 2288 πείσας.
916 2239 1122 2293 imprimis
1143 2240 1490 2295 interpolationes
1521 2243 1731 2295 quaedam

65 2307 366 2350 memorandae
396 2311 504 2361 sunt,
535 2311 580 2348 ut
612 2307 632 2348 I
657 2309 749 2359 186,
780 2307 851 2348 ubi
883 2307 927 2349 in
948 2307 1022 2350 ΒΟ
1045 2312 1109 2351 est
1138 2310 1242 2363 περὶ
1264 2307 1341 2364 τὴν
1361 2311 1542 2364 μαμβρῆ
1565 2306 1731 2366 (ὀγιῗγην

63 2375 333 2431 καλουμένην
365 2373 491 2429 &qim
520 2378 632 2416 recte
664 2374 774 2417 enim
801 2376 983 2431 μαμβρῆ
1013 2375 1067 2417 ab
1089 2376 1185 2418 aliis
1206 2376 1324 2418 libris
1346 2377 1476 2420 abest.
1509 2377 1731 2421 manifesto

65 2441 364 2496 interpolatum
396 2445 459 2484 est
477 2442 515 2484 V
537 2444 588 2483 60
619 2441 663 2483 in
686 2441 758 2484 ΕΟ
785 2440 862 2497 τὴν
894 2438 998 2484 ὁδὸν
1031 2437 1218 2495 ἆνύσας,·
1247 2457 1346 2486 nam
1375 2442 1452 2499 τὴν
1484 2440 1588 2486 ὁδὸν
1619 2445 1732 2499 quod

67 2510 195 2553 ceteri
231 2510 427 2553 omittunt
463 2521 823 2564 superuacaneum
865 2515 940 2553 est.
1001 2514 1044 2553 et
1081 2511 1117 2552 V
1144 2513 1221 2552 231
1262 2512 1336 2553 καὶ
1373 2510 1547 2560 τούτοις
1586 2527 1732 2567 παρη-

67 2575 257 2632 γορήσας
287 2572 431 2619 αὐτῶν
458 2565 700 2632 τὴνόργὴν
730 2585 825 2626 τοῖς
856 2576 1003 2632 λόγοις
1033 2578 1200 2631 μᾶλλον
1230 2576 1332 2627 τοὺς
1359 2575 1582 2633 Ἑβραίους
1612 2575 1731 2636 ὠφέ-

70 2643 173 2700 λησε
202 2646 279 2699 τῆς
310 2643 386 2686 ἐπὶ
416 2645 503 2685 τῶν
534 2644 762 2697 πολεμίων
799 2639 1042 2700 εὐπραξίας
1075 2644 1235 2702 [φήσας
1267 2643 1475 2700 αἰτίους]·
1516 2645 1730 2703 ἐμφυλίου

68 2709 150 2767 γὰρ
183 2706 340 2761 αὐτοὺς
372 2710 569 2761 στάσεως
608 2707 754 2767 ἄρχειν
783 2712 1025 2765 μέλλοντας
1066 2712 1278 2770 ἐρρύσατο
1316 2713 1446 2755 uerba
1484 2712 1630 2769 φήσας
1661 2713 1731 2756 αἰ-

69 2780 211 2830 τίους,
244 2791 353 2833 quae
382 2779 426 2822 in
456 2779 557 2823 solis
587 2779 660 2823 ΒΟ
692 2779 926 2833 traduntur,
957 2780 1047 2824 sine
1078 2781 1206 2824 dubio
1236 2780 1418 2823 insiticia
1449 2785 1555 2823 sunt.
1612 2783 1730 2825 aliud

72 2844 112 2886 II
149 2847 227 2886 217
269 2846 539 2890 commissum
577 2849 664 2901 est,
708 2847 781 2889 ubi
825 2861 879 2891 ex
923 2847 1230 2903 περιεγερθεὶς
1272 2847 1315 2888 in
1352 2847 1425 2890 ΒΟ
1466 2849 1622 2891 factum
1667 2854 1731 2892 est

190 2992 220 3028 1)
244 2989 262 3023 I
286 2991 350 3025 255
376 2990 536 3026 dubitari
560 2992 693 3036 potest,
717 2993 839 3026 utrum
862 2991 1020 3035 genuina
1045 2991 1117 3026 sint
1139 3001 1254 3026 necne
1278 3001 1369 3035 quae
1392 2991 1561 3028 omittunt
1584 2993 1661 3028 RO.
