2091 3418
558 245 719 288 ANTIQ.
747 245 842 281 lUD.
869 246 898 281 v
925 249 1104 282 217-222
1129 249 1292 290 (vis—⁵)
1676 247 1756 286 335

90 357 168 397 τοῦ
191 355 413 406 Γεδεῶνος
443 354 553 398 κατὰ
584 356 664 407 τὰς
694 355 930 414 ’ὑποθήκας
960 361 1038 401 τοῦ
1060 361 1171 401 θεοῦ
1191 359 1437 414 τριακόσιοι
1461 356 1615 415 ἄνδρες
1637 357 1757 415 εὗρέ-

89 426 238 480 θησαν
267 431 366 473 ταῖς
391 425 517 479 χερσὶ
546 423 658 478 μετὰ
690 425 833 482 φόβου
872 426 1267 481 προσενεγκάμενοι
1307 427 1355 468 τὸ
1400 421 1515 482 ἵδωρ
1545 443 1756 484 τεταραγ-

88 492 242 544 μένως,
276 489 415 547 ἔφησέ
443 506 491 532 τε
522 487 544 533 ὁ
578 491 687 542 θεὸς
716 493 897 544 τούτους
929 493 1202 549 ἐπαγόμενον
1235 493 1470 548 ἐπιχειρεῖν
1495 504 1589 545 τοῖς
1621 497 1756 538 πολε-

89 560 226 611 μίοις.
286 555 712 613 ἐστρατοπεδεύοντο
746 560 792 602 δὲ
826 557 936 616 ὑπὲρ
966 564 1043 603 τοῦ
1071 558 1289 617 Ἰορδάνου
1320 562 1552 614 μέλλοντες
1584 562 1645 613 εἰς
1676 562 1754 619 την

0 637 2 696 η
39 633 59 667 ⁶
89 623 304 668 ἐπιοῦσαν
335 627 655 679 περαιοῦσθαι.

202 696 242 734 4.
276 692 497 742 Γεδεῶνος
529 688 569 734 δ’
597 692 641 736 ἐν
667 694 795 752 φόβῳ
817 697 1113 746 καθεστῶτος,
1145 696 1215 737 καὶ
1238 693 1320 749 γὰρ
1344 694 1494 744 νυκτὸς
1517 694 1752 751 ἐπιχειρεῖν
1783 702 1864 744 218

89 754 207 815 αὐτῷ
247 755 269 801 o‘
309 758 420 809 θεὸς
458 761 734 817 προειρήκει,
774 765 852 805 τοῦ
893 763 1017 813 δέοι-ς
1051 758 1183 805 αὐτὸν
1214 758 1459 817 ἀπαγαγεῖν
1488 763 1755 817 βουλόμενος

87 825 251 870 κελεύει
283 827 600 882 προσλαβόντα
631 828 706 871 ἕνα
726 832 812 872 τῶν
835 832 1118 885 στρατιωτῶν
1141 831 1331 886 πλησίον
1349 838 1506 883 χωρεῖν
1527 838 1625 879 ταῖς
1647 835 1754 873 Ma-

89 893 295 951 διηνιτῶν
327 903 525 951 σκηναῖς·
558 891 670 951 παρ’
697 892 841 939 αὐτῶν
871 896 954 952 γὰρ
985 896 1159 940 ἐκείνων
1190 897 1422 952 λήψεσθαι
1445 896 1651 954 φρόνημα
1681 900 1753 941 καὶ

18 967 56 1004 10
84 960 272 1017 θάρσος.
333 964 543 1012 πεισθεὶς
574 963 620 1005 δὲ
651 960 720 1020 ᾔει
753 964 959 1020 Φρουρὰν
988 964 1065 1007 τὸν
1107 963 1264 1006 ἑαυτοῦ
1305 964 1566 1019 θεράποντα
1605 983 1751 1022 παρα-
1783 971 1864 1011 219

87 1027 246 1082 λαβών,
278 1031 351 1071 καὶ
383 1029 638 1086 πλησιάσας
670 1034 803 1088 σκηνῇ
832 1049 921 1075 τινι
951 1031 1281 1086 καταλαμβάνει
1302 1030 1404 1081 τοὺς
1431 1031 1474 1074 ἐν
1497 1028 1605 1089 αὐτῇ
1628 1033 1752 1091 ἐγρη-

83 1094 273 1152 γορότας
311 1097 385 1138 καὶ
423 1096 500 1139 τὸν
541 1096 687 1153 ἕτερον
726 1095 834 1154 ὄναρ
877 1098 1160 1156 διηγούμενον
1190 1101 1253 1154 τῷ
1294 1101 1598 1155 συσκηνοῦντι,
1639 1095 1752 1143 ὥστε

86 1157 260 1206 ἀκούειν
289 1161 366 1205 τὸν
399 1163 615 1207 Γεδεῶνα.
675 1165 724 1209 τὸ
767 1167 814 1209 δὲ
843 1169 1045 1209 τοιοῦτον
1086 1157 1156 1222 ἧν·
1196 1165 1336 1219 μᾶζαν
1377 1165 1517 1209 ἐδόκει
1547 1171 1752 1225 κριθίνην

84 1224 166 1272 ὑπ’
194 1225 413 1281 εὐτελείας
444 1227 708 1288 ἀνθρώποις
741 1230 941 1289 ἄβρωτον
974 1233 1046 1277 διὰ
1068 1236 1146 1276 τοῦ
1170 1234 1472 1289 στρατοπέδου
1494 1235 1751 1292 κυλιομένην

83 1295 162 1351 τὴν
192 1299 270 1340 τοῦ
299 1299 519 1352 βασιλέως
550 1299 708 1356 σκηνὴν
739 1302 1004 1355 καταβαλεῖν
1025 1303 1099 1343 καὶ
1120 1299 1200 1350 τὰς
1221 1303 1308 1343 τῶν
1331 1304 1612 1357 στρατιωτῶν
1634 1302 1749 1345 πάν-

83 1381 185 1408 των.
235 1362 258 1408 o‘
293 1365 340 1408 δὲ
371 1370 600 1422 σημαίνειν
631 1364 823 1423 ὄλεθρον
852 1371 930 1411 τοῦ
962 1369 1152 1423 στρατοῦ
1181 1367 1261 1423 τὴν
1292 1365 1401 1423 ὄψιν
1433 1368 1570 1424 ἔκρινε
1602 1371 1748 1425 λέγων,
1780 1374 1862 1414 220

84 1426 195 1475 ὅθεν
223 1429 346 1475 τοῦτ’
372 1428 491 1489 αὐτῷ
523 1434 714 1478 συνιδεῖν
745 1434 942 1491 ἐπῆλθε,
983 1437 1074 1477 πᾶν
1103 1434 1153 1478 τὸ
1197 1437 1374 1490 σπέρμα
1403 1434 1451 1477 τὸ
1484 1436 1750 1490 καλούμενον

82 1502 287 1555 κρίθινον
309 1495 618 1544 εὐτελέστατον
641 1499 963 1558 ὁμολογεῖσθαι
984 1501 1220 1558 τυγχάνειν,
1242 1504 1320 1544 τοῦ
1342 1498 1382 1544 δ’
1407 1499 1614 1545 Ἀσιανοῦ
1635 1521 1750 1546 παν-

83 1566 161 1616 τὸς
189 1565 239 1610 τὸ
267 1562 550 1625 Ἰσραηλιτῶν
588 1568 708 1613 ἔστιν
747 1569 857 1614 ἰδεῖν
890 1566 1149 1626 ἀτιμότερον
1180 1571 1254 1612 νῦν
1284 1573 1564 1627 γεγενημένον
1594 1565 1749 1624 ὅμοιον

84 1634 132 1677 δὲ
161 1637 225 1691 τῷ
264 1633 374 1678 κατὰ
416 1634 576 1692 κριθὴν
605 1640 734 1692 γένει.
784 1639 856 1681 καὶ
888 1636 937 1680 τὸ
970 1636 1096 1692 παρὰ
1126 1646 1220 1687 τοῖς
1245 1633 1536 1694 Ἰσραηλίταις
1567 1640 1639 1681 νῦν
1670 1654 1747 1692 με-
1778 1642 1856 1683 221

83 1703 386 1760 γαλοφρονοῦν
415 1699 536 1745 τοῦτ’
564 1696 616 1746 ἂν
647 1705 713 1762 εἴη
748 1703 918 1748 Γεδεών
953 1707 1025 1748 καὶ
1056 1704 1107 1748 τὸ
1141 1703 1219 1747 σὺν
1261 1701 1379 1760 αὐτῷ
1419 1705 1747 1760 στρατιωτικόν.

84 1768 184 1812 ἐπεὶ
217 1761 292 1812 οὖν
321 1769 400 1826 τὴν
430 1770 570 1825 μᾶζαν
602 1770 690 1829 φῂς
721 1771 831 1815 ἰδεῖν
861 1771 942 1823 τὰς
972 1771 1132 1830 σκηνὰς
1153 1769 1275 1829 ἡμῶν
1298 1768 1646 1827 ἀνατρέπουσαν,
1679 1772 1749 1814 δέ-

85 1836 160 1880 δια
189 1835 248 1893 μὴ
279 1835 392 1887 θεὸς
423 1838 614 1882 Γεδεῶνι
643 1838 721 1895 τὴν
752 1839 862 1882 καθ’
886 1837 1010 1896 ἡμῶν
1042 1844 1161 1897 νίκην
1194 1839 1483 1882 ἐπινένειτκε.“

198 1909 237 1947 5.
283 1904 485 1948 Γεδεῶνα
525 1901 565 1947 δ)
594 1901 841 1950 ἀκούσαντα
878 1906 927 1949 τὸ
970 1903 1076 1962 ὄναρ
1119 1906 1246 1957 ἐλπὶς
1286 1901 1433 1963 ἀγαθὴ
1471 1908 1543 1949 καὶ
1574 1906 1747 1961 θάρσος
1777 1911 1858 1951 222

82 1970 212 2026 ἔλαβε
240 1973 314 2014 καὶ
345 1973 617 2029 προσέταξεν
650 1973 694 2016 ἐν
723 1983 818 2024 τοῖς
849 1969 1009 2025 ὅπλοις
1040 1972 1155 2017 εἶναι
1184 1973 1287 2024 τοὺς
1323 1973 1509 2024 οἰκείους
1540 1974 1748 2031 διηγησά-

82 2055 213 2094 μενος
244 2035 395 2090 αῧτοῑς
424 2042 496 2083 καὶ
528 2039 606 2097 τὴν
636 2043 725 2083 τῶν
756 2043 985 2095 πολεμίων
1027 2038 1158 2095 ὄψιν,
1199 2041 1241 2083 οἱ
1282 2036 1323 2082 δ’
1351 2040 1519 2094 ἕτοιμοι
1550 2040 1664 2094 πρὸς
1693 2040 1748 2082 τὰ

196 2120 216 2160 ἓ
242 2120 306 2153 217
331 2135 375 2147 =
399 2119 609 2158 Iudic.*VII
634 2122 665 2153 6.

196 2196 664 2233 ROMSPLELatZonaras
688 2198 705 2232 I
728 2209 764 2243 p.
792 2201 846 2233 87.
893 2198 1053 2233 Michael
1079 2198 1209 2242 Glycas
1231 2207 1267 2242 p.
1294 2200 1371 2233 307.

199 2256 213 2287 1
240 2250 339 2289 κατὰ
365 2250 437 2288 τάσ
461 2255 530 2289 τοῦ
554 2256 649 2289 θεοῦ
671 2250 875 2299 ὑποθήκασ
899 2256 969 2290 τοῦ
992 2256 1181 2300 γεδεῶνοσ
1204 2256 1250 2288 tr.
1276 2253 1316 2287 M
1391 2255 1409 2286 2
1435 2250 1574 2298 φόβου]
1601 2251 1748 2300 τρόμου

82 2308 172 2353 Glyc
250 2310 268 2341 3
296 2305 410 2353 ἔφησέ
435 2311 488 2349 τε]
513 2305 582 2355 ἔφη
607 2309 646 2345 δέ
670 2322 710 2345 τε
736 2308 801 2344 RO
880 2312 899 2343 4
924 2309 1249 2354 ἐστρατοπέδευον
1273 2308 1400 2343 MSPL
1483 2311 1502 2343 8
1527 2307 1746 2356 προσλαβό-

79 2377 199 2408 μενον
222 2363 334 2399 EZon
403 2366 509 2400 *τῶν
533 2367 779 2412 στρατιωτῶν
803 2362 869 2401 ἕνα
894 2368 938 2400 tr.
955 2365 1026 2399 ML
1095 2367 1336 2410 μαδιανιτών,
1360 2379 1371 2399 ι
1397 2375 1441 2399 ex
1465 2378 1486 2410 η
1511 2374 1603 2399 corr.
1631 2364 1654 2399 S
1678 2378 1745 2409 μα-

81 2423 264 2467 διανητῶν
286 2420 316 2455 Ρ
340 2422 418 2456 τῶν
440 2422 672 2464 μαδιανιτῶν
695 2421 729 2455 Ε
752 2420 1034 2456 madianitarum
1050 2420 1122 2456 Lat
1227 2424 1266 2455 10
1293 2418 1389 2465 *ᾔει]
1414 2417 1469 2465 εἴη
1492 2419 1526 2454 R
1631 2418 1746 2467 φρού-

81 2490 154 2523 ραν
177 2477 217 2511 Μ
241 2474 416 2523 φρουρὸν
440 2476 469 2511 Ο
488 2475 614 2522 phara
630 2476 703 2512 Lat
729 2473 864 2522 Φαράν
879 2476 1033 2511 Hudson
1121 2479 1159 2511 11
1186 2473 1434 2522 *πλησιάσας]
1459 2473 1673 2521 πλησιάσασ
1697 2477 1746 2518 δὲ,

80 2532 119 2570 δὲ
142 2533 320 2577 expunxit
343 2544 389 2567 m.
417 2535 435 2566 2
462 2532 486 2566 S
581 2535 623 2566 12
648 2530 932 2578 *διηγούμενον,
959 2546 979 2568 ν
1001 2531 1111 2566 finale
1134 2532 1157 2566 i.
1183 2542 1255 2567 ras.
1279 2531 1308 2566 P
1414 2534 1454 2566 13
1480 2529 1690 2578 *κριθήνην
1716 2532 1745 2567 Ο

194 2591 235 2625 14
259 2583 370 2630 *ὺπἿ
397 2584 469 2625 ἀπ’
486 2587 606 2624 ROSP
691 2584 944 2634 *ἀνθρώποις
967 2599 1035 2623 om.
1054 2587 1083 2622 Ο
1169 2585 1407 2635 *ἄμβρωτον
1431 2587 1477 2622 0¹
1561 2584 1661 2629 *διὰ]
1687 2585 1744 2624 διὰ

79 2685 146 2736 τὴν
168 2689 203 2725 R
272 2689 531 2735 *κυλυομένην
554 2690 585 2725 L
671 2693 710 2724 15
735 2690 1009 2735 *καταβαλεῖν1
1033 2646 1268 2735 καταέαέεἴν
1291 2688 1322 2722 L
1347 2686 1652 2733 adpraehendisse
1674 2688 1747 2724 Lat

196 2749 234 2781 17
261 2743 376 2794 αὐτῷ]
402 2740 496 2781 αι’-τὸ
524 2745 553 2780 O
670 2758 755 2781 συν·
770 2747 860 2781 ιδεΐν
884 2745 908 2781 S
933 2748 1112 2781 συνειδεῖν
1135 2745 1164 2779 Ρ
1290 2747 1330 2779 19
1356 2747 1421 2780 νῦν
1444 2739 1676 2789 α’τιμότερον
1698 2747 1743 2779 tr.

77 2801 206 2838 MSPL
310 2803 351 2836 20
377 2801 416 2838 δὲ
439 2812 506 2837 om.
522 2801 555 2836 E
659 2807 740 2844 τοῖς
764 2811 831 2836 om.
847 2801 880 2835 E
995 2802 1353 2847 *μεγαλοφρονοῦν]
1376 2799 1472 2846 μέγα
1497 2802 1668 2845 φρονοῦν
1692 2799 1744 2835 SP

192 2893 235 2925 23
260 2887 365 2933 θεὸς]
392 2887 413 2927 ὁ
438 2887 537 2927 θεὸσ
559 2890 666 2926 MLE
790 2893 832 2924 24
856 2890 923 2926 *δὲ
946 2890 1016 2924 ML
1134 2892 1175 2924 25
1200 2858 1467 2936 *διζδάμενοω
1491 2899 1519 2924 s.
1544 2899 1590 2923 m.
1615 2898 1688 2924 rec.
1712 2889 1744 2923 L

192 2993 235 3026 26
258 2947 440 3028 *πολέλῶν
462 2991 492 3025 P
