2091 3418
43 953 80 988 10

42 1293 79 1326 15

525 221 685 266 ANTIQ.
711 221 807 258 IUD.
835 222 885 257 111
911 225 1089 258 254—253
1114 225 1149 265 (x
1166 228 1192 254 6.
1211 229 1237 254 7.
1264 225 1298 254 xl
1316 228 1345 263 ι)
1685 220 1764 259 209

108 334 225 387 εἶδος
264 337 334 378 καὶ
367 335 415 378 τὸ
448 337 526 391 τῆς
557 331 711 391 ἀργίας
752 330 1066 391 ἀταλαίπωρον
1097 336 1167 378 καὶ
1201 335 1314 391 πρὸς
1345 331 1547 389 εὐωχίαις
1578 334 1664 379 εἶσὶ
1696 352 1766 378 τε-

107 403 307 454 θυκότες.

223 476 260 514 7.
288 466 352 514 Ἐκ
381 473 532 525 μέντοι
562 472 641 512 τοῦ
661 472 807 513 κοινοῦ
831 480 951 522 σῖτος
971 467 1110 521 ὀπτὸς
1132 470 1262 527 ζύμης
1284 468 1480 526 ἄμοιρος,
1514 466 1766 526 ἀσσαρῶνες
1797 484 1806 490 ·

110 534 150 582 δ’
178 538 315 582 ε’ίκοσι
345 539 417 581 καὶ
438 541 647 592 τέσσαρες
669 538 731 589 εἰς
749 541 878 582 τοῦτο
910 536 1186 581 ἀναλοῦνται.
1235 533 1461 581 ὀπτῶνται
1492 539 1537 581 δὲ
1566 535 1649 582 άνὰ
1689 539 1765 582 δύο

108 607 407 662 διαιρεθέντες
436 606 515 659 μὲν
541 608 593 662 τῇ
617 605 703 661 πρὸ
732 608 809 648 τοῦ
839 606 1074 660 σαββάτου,
1103 608 1165 661 τῷ
1193 606 1239 648 δὲ
1262 605 1470 661 σαββάτῳ
1500 610 1623 662 πρωῒ
1640 624 1766 660 κομι-

108 677 292 724 σθέντες
309 672 382 716 ἐπὶ
400 675 476 729 τῆς
495 673 614 729 ἱερᾶς
628 673 846 730 τραπέζης
861 678 1061 716 τίθενται
1078 672 1185 715 κατὰ
1203 673 1250 723 ἓξ
1264 672 1327 723 εἷς
1349 668 1562 729 ἀλλήλους
1581 691 1766 728 τετραμ-

106 745 244 797 μένοι.
291 741 366 784 ὄὺο
399 740 445 783 δὲ
463 744 656 795 χρυσέων
690 739 1009 796 ὑπερκειμένων
1041 739 1237 784 πινάκων
1275 742 1518 795 λιβανωτοῦ
1547 742 1766 797 γεμόντων

108 809 389 864 διαμένουσιν
421 808 502 860 ἕως
539 811 616 852 τοῦ
656 808 803 864 ἑτέρου
836 808 1080 864 σαββάτου·
1120 810 1192 851 καὶ
1230 807 1331 850 τότε
1360 808 1439 863 μὲν
1471 804 1566 851 ἀντ’
1594 808 1768 852 ἐκείνων

109 874 236 920 ἄλλοι
266 876 538 931 κομίζονται,
579 877 622 919 οἱ
663 877 708 918 δὲ
748 886 840 927 τοῖς
880 877 1042 931 ἱερεῖ-σι
1082 874 1195 932 πρὸς
1224 875 1393 933 τροφὴν
1425 876 1644 929 δίδονται,
1694 879 1765 920 καὶ

108 947 186 988 τοῦ
218 946 462 999 λιβανωτοῦ
495 947 780 999 θυμιωμένου
812 944 887 987 ἐπὶ
917 946 979 1000 τῷ
1012 944 1115 1000 ἱερῷ
1154 947 1275 999 πυρί,
1318 939 1389 1000 ἐφ’
1416 939 1451 1000 ᾦ
1483 946 1552 987 καὶ
1585 941 1767 987 ὁλοκαυ-

107 1015 233 1056 τοῦσι
264 1011 318 1054 τὰ
350 1011 516 1064 πάντα,
559 1011 801 1066 λιβανωτὸς
843 1009 953 1067 ὑπὲρ
992 1011 1156 1054 ἐκείνου
1200 1008 1332 1062 ἄλλος
1365 1009 1473 1067 ὑπὲρ
1504 1014 1590 1054 τῶν
1623 1009 1767 1068 ἄρτων

109 1083 421 1133 προστίθεται.
472 1079 575 1122 θύει
608 1076 696 1121 δ’ὁ
732 1078 871 1134 ἱερεὺς
902 1078 946 1122 ἐκ
975 1081 1063 1121 τῶν
1096 1078 1220 1122 ἰδίων
1253 1074 1565 1134 ἀναλωμάτων,
1595 1081 1667 1122 καὶ
1699 1080 1766 1130 δὶς

110 1147 292 1204 ἑκάστης
325 1144 488 1203 ἡμέρας
516 1149 646 1189 τοῦτο
678 1155 813 1195 ποιεῖ,
847 1143 1028 1202 ἄλευρον
1059 1145 1192 1202 ἐλαίῳ
1213 1150 1488 1203 μεμαγμένον
1518 1150 1590 1191 καὶ
1622 1164 1769 1204 πεπη-

108 1213 184 1271 γὸς
215 1211 402 1270 ὀπτήσει
431 1218 627 1271 βραχείᾳ,
659 1215 729 1256 καὶ
763 1213 825 1264 εἷς
854 1217 932 1268 μέν
964 1213 1081 1257 ἐστιν
1105 1210 1311 1271 ἀσσάρων
1341 1218 1418 1258 τοῦ
1440 1210 1636 1271 ἀλεύρου,
1668 1214 1769 1257 τού-

110 1300 185 1326 του
208 1281 323 1326 δὲτὸ
347 1282 426 1336 μὲν
450 1276 581 1337 η’μισυ
603 1280 650 1323 τὸ
677 1284 809 1337 πρωΐ,
842 1280 890 1324 τὸ
916 1277 956 1324 δ’
984 1281 1129 1337 ἕτερον
1160 1282 1304 1339 δείλης
1330 1281 1534 1339 ἐπιφέρει
1554 1284 1617 1337 τῷ
1648 1285 1768 1336 πυρί.

109 1349 186 1393 τὸν
224 1350 303 1404 μὲν
344 1340 419 1392 οὖν
457 1352 561 1404 περὶ
601 1349 768 1392 τούτων
809 1348 937 1404 λόγον
985 1345 1291 1405 ἀκριβέστερον
1330 1341 1464 1400 αὖθις
1503 1349 1768 1407 δηλώσομεν,

112 1416 240 1461 ἱκανὰ
274 1417 322 1459 δέ
351 1434 428 1471 μοι
461 1417 578 1460 δοκεῖ
607 1418 678 1459 καὶ
712 1419 784 1459 νῦν
817 1417 919 1472 περὶ
952 1413 1095 1460 αὐτῶν
1127 1419 1441 1474 προειρῆσθαι.

224 1486 300 1528 XI.
346 1489 380 1528 1.
422 1487 623 1541 ,Μωυσῆς
664 1484 710 1527 δὲ
747 1486 826 1526 τοῦ
856 1486 973 1527 Λευὶ
1004 1483 1082 1540 τὴν
1121 1483 1262 1541 φυλὴν
1299 1487 1376 1541 τῆς
1413 1483 1526 1539 πρὸς
1554 1483 1631 1526 τὸν
1663 1482 1770 1526 λαὸν

110 1557 340 1602 κοινωνίας
369 1550 688 1607 ὑπεξελόμενος
720 1550 841 1607 ἱερὰν
881 1550 1089 1608 ἐσομένην
1127 1547 1269 1608 ἥγνιζε
1299 1556 1508 1609 πηγαίοις
1537 1546 1668 1593 ὕδασι
1698 1552 1771 1593 καὶ

110 1616 286 1670 ἀενάοις
316 1622 388 1663 καὶ
417 1624 612 1671 θυσίαις,
646 1619 697 1670 ἃς
728 1619 803 1662 ἐπὶ
833 1628 926 1669 τοῖς
946 1619 1164 1669 τοιοίτοις
1187 1624 1396 1674 νομίμους
1418 1621 1688 1674 παρέχονται
1707 1619 1771 1673 τῷ

110 1691 230 1744 θεῷ,
261 1688 338 1745 τήν
368 1704 415 1731 τε
446 1687 603 1745 σκηνὴν
635 1684 782 1737 αὐτοῖς
822 1689 891 1730 καὶ
924 1685 979 1729 τὰ
1012 1686 1137 1743 σκεύη
1169 1687 1224 1729 τὰ
1258 1685 1352 1742 ἱερὰ
1374 1688 1446 1729 καὶ
1475 1685 1530 1728 τὰ
1563 1681 1659 1728 ἄλλ)
1687 1680 1772 1729 ὅσα

111 1755 226 1812 πρὸς
257 1759 421 1813 σκέπην
450 1758 527 1812 τῆς
558 1757 714 1813 σκηνῆς
745 1754 988 1812 ἐπεποίητο
1010 1754 1276 1809 παρέδωκεν,
1304 1749 1429 1804 ὅπως
1458 1751 1772 1811 ὑφηγουμένων

110 1825 198 1866 τῶν
231 1824 380 1880 ἱερέων
411 1821 766 1880 ἱπηρετήσωσιν·
798 1820 879 1880 ἤδη
910 1821 992 1878 γὰρ
1021 1824 1085 1877 τῷ
1115 1823 1212 1878 θεῷ
1242 1824 1507 1877 καθιέρωτο.

225 1925 246 1968 ς
272 1925 336 1959 255
361 1940 404 1952 =
427 1923 547 1959 Leuit.
573 1923 692 1959 XXIV
717 1926 753 1968 53
779 1925 799 1968 ς
825 1926 889 1959 258
915 1941 959 1953 =
982 1922 1089 1959 Num.
1114 1922 1167 1957 111
1192 1926 1222 1957 5.

224 2002 690 2039 ROMSPLELatZonaras
714 2003 731 2037 I
754 2013 789 2047 p.
816 2005 858 2037 65
868 2014 919 2048 sq.

228 2063 244 2096 1
271 2061 518 2106 ταλαίπωρον
542 2059 572 2095 O
688 2055 872 2105 εὐωχίαις]
902 2059 994 2096 coni.
1021 2055 1187 2104 εὐωχίασ
1212 2062 1249 2100 (σ
1273 2068 1318 2093 ex
1342 2071 1362 2093 ν
1387 2068 1477 2093 corr.
1503 2058 1548 2100 R)
1573 2058 1676 2093 codd.
1702 2057 1775 2092 Lat

226 2113 440 2158 τεθυκότες]
465 2113 669 2162 τετυχότεσ
693 2116 766 2151 RM
790 2111 1039 2163 τετυχηκότεσ
1064 2115 1094 2150 Ο
1243 2118 1262 2150 3
1287 2110 1396 2150 Ἐκ-
1415 2117 1436 2148 4
1460 2109 1700 2154 α’ναλοῦνται]
1725 2123 1774 2148 ex

112 2173 294 2208 commum·
319 2176 437 2208 tamen
461 2173 581 2207 simila
605 2177 707 2208 cocta
731 2173 911 2217 fermento
935 2182 1064 2208 carens
1089 2171 1197 2206 datur
1221 2171 1441 2206 assariorum
1459 2170 1591 2216 uz'qinti
1613 2174 1648 2204 et
1671 2173 1774 2215 quat-

115 2233 200 2265 tuor
223 2232 258 2263 et
281 2228 330 2264 ad
346 2238 466 2274 panes
489 2228 678 2268 faciendos
697 2229 955 2275 expenduntur
971 2228 1043 2264 Lat
1133 2226 1275 2271 μέντοι]
1299 2226 1414 2271 μέντο
1433 2226 1473 2261 S¹
1562 2228 1645 2271 post
1669 2224 1775 2270 ἄμοι-

115 2297 184 2333 ρος
207 2284 375 2320 lacunam
400 2285 528 2320 statuit
552 2285 744 2320 Holwerda
848 2281 1075 2331 ἅσσάρωνεσ
1098 2284 1209 2321 MSP¹
1308 2286 1328 2317 4
1353 2278 1630 2319 ἀνακαλοῦνται
1655 2281 1684 2316 Ο

117 2336 291 2378 ὄπτῶιτε
314 2341 346 2376 L
460 2340 498 2377 δὲ
523 2351 590 2376 om.
615 2340 647 2376 L
754 2345 772 2375 5
799 2341 1062 2388 διαιρεθέντες]
1088 2340 1309 2387 αὶρεθέντεσ
1332 2339 1371 2373 Μ
1472 2337 1542 2382 μὲν
1566 2341 1622 2383 τῇ]
1646 2337 1776 2382 μέντοι

114 2396 181 2433 RO
263 2393 353 2443 πρὸ]
379 2393 482 2444 πρὸσ
505 2397 536 2431 L
618 2400 637 2431 6
662 2394 772 2440 κατὰ]
796 2400 859 2434 καὶ
884 2394 928 2434 τὰ
953 2398 1025 2433 ML
1111 2393 1281 2443 ἀλλήλων
1304 2395 1367 2431 RO
1394 2390 1588 2440 α’λλήλουσ,
1615 2407 1659 2430 ου
1682 2404 1726 2429 ex
1752 2408 1775 2430 α

115 2463 209 2488 corr.
236 2453 275 2487 M
370 2457 406 2487 11
435 2450 656 2500 λιβανωτὸς]
682 2452 898 2501 λιβανωτὸσ
923 2453 961 2490 δὲ
978 2453 1103 2490 MSPL
1196 2448 1290 2498 ὑπὲρ
1316 2454 1392 2487 τῶν
1417 2447 1556 2497 ἄρτων]
1582 2445 1675 2494 ὓπερ
1699 2452 1777 2486 τῶν

115 2506 243 2546 ἄλλων
265 2506 349 2555 ἦτοι
374 2504 468 2556 ὑπὲρ
493 2512 570 2545 τῶν
601 2507 728 2554 ἄρτων
751 2510 791 2544 Μ
821 2521 932 2556 super
964 2510 1056 2545 alios
1079 2519 1199 2555 panes
1224 2508 1295 2543 Lat
1434 2508 1472 2540 12
1498 2506 1536 2542 δὲ
1558 2505 1684 2540 MSPL

120 2567 160 2600 13
183 2564 438 2611 μεμαγμένον]
470 2565 699 2611 μεμιγμένον
729 2566 834 2602 ROM
864 2567 1014 2602 minctum
1047 2566 1119 2601 Lat
1233 2567 1273 2597 14
1298 2558 1480 2609 α’σσαρών
1505 2561 1611 2597 0P2L
1645 2562 1777 2596 assarz'z'

115 2623 261 2666 (genet.)
287 2622 358 2657 Lat
443 2624 482 2656 15
508 2617 552 2657 τὸ
579 2624 675 2661 (ante
699 2621 814 2669 πρωΐ)
838 2632 904 2657 om.
923 2622 1048 2657 MSPL
1141 2621 1179 2657 δὲ
1204 2619 1258 2655 SP
1350 2620 1448 2665 πυρὶ,
1472 2631 1493 2653 υ
1515 2618 1539 2652 i.
1564 2629 1634 2653 ras.
1653 2617 1686 2653 R

121 2680 162 2713 16
187 2680 272 2724 περὶ
297 2675 434 2714 τούτου
457 2677 518 2712 OL
611 2673 882 2725 ἀκριβέστερον
907 2689 974 2713 om.
991 2677 1020 2712 O
1115 2679 1154 2710 15
1181 2679 1248 2712 τοῦ
1271 2678 1362 2712 Λευὶ
1386 2672 1464 2721 τὴν]
1491 2671 1558 2720 τὴν
1581 2670 1777 2720 λευιτι·κὴν

118 2733 192 2768 ΜΕ
217 2731 284 2779 τὴν
314 2737 449 2770 λευῖτιν
473 2735 520 2775 (ιν
544 2744 588 2768 ex
612 2747 655 2779 ην
679 2744 770 2769 corr,
790 2735 825 2776 S)
849 2734 934 2770 SPL
960 2734 1031 2768 lew·
1053 2731 1126 2767 Lat
1221 2735 1260 2766 19
1285 2729 1591 2777 *ὑφεξελόμενοσ
1614 2731 1686 2765 ML

118 2782 246 2836 ἥγνισε
260 2789 371 2824 EZon
440 2789 596 2835 πηγέοισ
612 2790 646 2825 R
714 2786 893 2827 αἐννάοισ
916 2789 1093 2824 RMSP2L
1165 2790 1206 2822 20
1232 2789 1419 2831 νομίμοισ,
1445 2801 1479 2824 οι
1504 2798 1549 2822 ex
1575 2800 1618 2823 ου
1644 2797 1735 2822 corr.
1752 2787 1776 2822 S

234 2848 274 2880 21
300 2840 444 2890 *αι’-τῆσ
467 2845 498 2879 L
589 2847 680 2882 *καὶ
704 2843 750 2883 τὰ
777 2843 945 2892 σκεύη-
960 2847 1001 2879 22
1026 2844 1230 2890 ἐπεποίητο
1257 2854 1324 2879 om.
1341 2843 1369 2878 Ο
1462 2840 1584 2890 *ἓερὰ1
1609 2840 1777 2887 ἱερατικὰ

1727 2912 1771 2933 ΤΟ

120 2934 174 2970 SP
274 2931 368 2971 ἄλλα
393 2935 520 2969 MSPL
619 2938 659 2970 23
686 2932 1010 2982 *ὑπηρετήσουσιν
1034 2933 1146 2969 MS¹L
1245 2933 1480 2979 καθιέρωντο
1507 2933 1560 2968 SP
1585 2933 1779 2980 καθιέρον,

122 3003 143 3026 o
170 2992 264 3034 (post
290 2994 324 3037 ρ)
349 3001 394 3026 ex
418 3004 465 3026 αν
490 3001 580 3026 corr.
607 2992 638 3026 L

192 3047 331 3080 Iosephus
350 3047 373 3075 Ι.
1466 3049 1507 3081 14

1798 744 1879 784 256

1798 1082 1878 1121 257

1801 1486 1883 1527 258
