2091 3418
581 211 743 256 ANTIQ.
769 211 863 247 mn.
892 211 920 246 v
948 214 1119 247 198—201
1147 213 1182 254 (v
1200 214 1272 253 m)
1678 210 1755 248 331

211 327 260 369 V.
300 329 335 368 1.
364 320 627 381 Ἰσραηλῖται
670 324 716 366 δὲ
749 324 904 376 πάλιν,
946 320 1072 367 οῦδὲν
1102 323 1184 380 γὰρ
1216 324 1289 366 ἐπὶ
1324 324 1478 380 διδαχῇ
1509 326 1587 366 τοῦ
1617 327 1758 379 κρείτ·
1794 327 1872 368 198

97 409 225 443 τονος
256 392 502 447 ἐλάμβανον
530 394 618 434 τῶν
650 392 866 447 πρότερον
899 388 1172 448 ἠτυχημένων
1195 389 1281 434 ὑπό
1304 409 1348 434 τε
1371 394 1446 434 τοῦ
1476 392 1584 448 μήτε
1617 394 1761 446 σέβειν

97 459 174 503 τὸν
204 459 314 502 θεὸν
343 456 458 516 μήθ’
486 456 722 502 ὑπακούειν
752 468 846 509 τοῖς
878 459 1049 513 νόμοις,
1087 461 1193 514 πρὶν
1226 453 1250 515 ἢ
1281 461 1351 502 καὶ
1384 461 1461 515 τῆς
1494 457 1578 502 ὑπὸ
1616 463 1760 502 ῘΙΙωα-

96 531 244 583 βίταις
283 523 557 570 ἀναπνεῦσαι
598 528 800 577 δουλείας
839 526 953 582 πρὸς
990 522 1139 582 ὀλίγον
1176 522 1337 580 Ἀβίτω
1376 529 1452 568 τοῦ
1492 531 1760 570 Χαναναίων

47 602 67 635 5
96 596 314 651 βασιλέως
354 594 627 637 δουλοῦνται.
687 590 815 644 οὗτος
850 593 930 649 γὰρ
969 593 1017 643 ἐξ
1044 591 1241 648 Ἀσώρου
1282 593 1455 643 πόλεως
1493 592 1759 649 ὁρμώμενος,
1794 594 1872 635 199

99 657 205 739 αὕτη
230 657 270 704 δ’
297 658 551 717 ὑπέρκειται
576 664 652 718 τῆς
673 661 1025 715 Σεμαχωνίτιδος
1056 662 1179 717 λίμνι
1187 676 1220 711 ς,
1253 663 1441 717 στρατοῦ
1462 662 1540 715 μὲν
1562 659 1598 703 5
1592 663 1651 703 ιλ
1656 664 1760 704 ιτῶν

97 726 334 787 τριάκοντα
365 729 521 786 ἔτρεφε
551 726 770 784 μιριάδας
799 732 982 783 μιρίοις
1014 728 1060 770 δὲ
1094 728 1283 779 ἱππέας,
1318 730 1571 781 τρισχιλίων
1604 729 1649 771 dte
1683 726 1761 783 ἆρ-

97 797 247 852 μάτων
272 792 470 854 ηὐπόρει.
521 796 681 854 ταύτης
709 787 783 839 οῦν
805 795 1046 853 στρατηγὸς
1066 797 1143 852 τῆς
1175 795 1399 850 ὄτνάμεως
1421 796 1612 874 Σισάρης
1633 799 1763 852 τιμῆς

98 864 276 922 πρώτης
307 862 430 945 παρα
461 866 523 905 vc]
557 865 733 918 βασιλεῖ
762 863 982 918 τιγχάνων
1024 862 1322 913 σινελθόντας
1353 863 1466 918 πρὸς
1498 860 1630 906 αὐτὸν
1659 863 1762 915 τοῦς

30 937 67 970 10
92 928 364 988 Ἰσραηλίτας
396 930 587 973 ἐκάκωσε
627 931 800 1009 ὁῖεινιῦς,
841 926 956 973 ω’στε
988 926 1137 980 αὐτοῖς
1174 929 1381 1009 emm'r5ac
1411 931 1550 974 τελεῖν
1583 931 1760 988 φόροις.

212 1004 250 1042 2.
299 1000 449 1042 Εἴκοσι
491 999 570 1053 μὲν
611 998 684 1041 οῦν
725 998 796 1055 ἔτη
836 1000 973 1040 ταῦτα
1015 997 1260 1051 πάσχοντες
1298 994 1462 1054 ἤνυσαν
1493 998 1602 1054 μήτε
1634 995 1759 1042 αιτοὶ
1792 1002 1874 1042 200

97 1076 279 1125 φρονεῖν
311 1064 348 1109 5
339 1066 397 1109 τὸ
431 1083 508 1122 της
539 1067 770 1120 διστιχίας
801 1063 924 1116 ὄντες
963 1062 1129 1121 αγαθοὶ
1161 1068 1234 1108 καὶ
1264 1068 1342 1108 τοῦ
1373 1067 1484 1107 θεοῦ
1515 1066 1652 1108 πλέον
1684 1065 1761 1107 ὄα-

97 1134 238 1189 μάσαι
277 1133 339 1177 ἔτι
381 1135 594 1184 θέλοντος
635 1129 777 1177 αὐτῶν
809 1133 887 1189 τὴν
927 1128 1050 1188 (ὕβριν
1091 1132 1164 1175 διὰ
1195 1132 1272 1189 τὴν
1313 1134 1415 1186 περὶ
1457 1128 1590 1174 αὐτὸν
1622 1128 1762 1188 0³1va-

97 1201 302 1258 μοσύνην,
334 1201 407 1243 ἵνα
428 1205 723 1255 μεταθέμενοι
752 1204 830 1244 τοῦ
861 1203 1024 1244 λοιποῦ
1056 1203 1347 1257 σωφρονῶσιν
1380 1200 1663 1252 διδαχθέντες
1683 1198 1763 1250 τὰς

31 1276 68 1309 15
100 1267 332 1325 συμφορὰς
365 1264 514 1318 αὗτοῖς
546 1267 590 1311 ἐκ
619 1271 696 1325 τῆς
726 1268 1089 1326 περιφρονήσεως
1119 1270 1207 1310 τιῦν
1238 1267 1384 1322 νόμων
1418 1265 1633 1323 ὑπάρξαι,
1666 1271 1762 1310 Δα-

96 1335 246 1391 βώραν
278 1333 355 1391 [δέ]
387 1353 486 1379 τινα
518 1339 754 1393 προφῆτιν,
785 1337 999 1390 μέλισσαν
1032 1336 1078 1378 δὲ
1110 1339 1315 1392 σημαίνει
1336 1332 1530 1388 τοῦνομα
1551 1334 1662 1377 κατὰ
1683 1334 1762 1390 τὴν
1794 1339 1871 1380 201

92 1400 304 1459 Ἑβραίων
333 1403 558 1458 γλῶσσαν,
601 1404 791 1446 ἱκέτευον
830 1403 1046 1460 δεηθῆναι
1076 1406 1154 1446 τοῦ
1184 1405 1296 1446 θεοῦ
1328 1404 1478 1456 λαβεῖν
1510 1399 1653 1445 οἶκτον
1686 1398 1763 1444 αὖ·

96 1473 185 1512 τῶν
215 1471 287 1513 καὶ,
317 1469 375 1526 μὴ
409 1471 627 1526 περιιδεῖν
659 1466 989 1525 ἀπολλυμένους
1021 1467 1179 1521 αὐτοὺς
1208 1468 1296 1514 ὑπὸ
1325 1473 1609 1513 Χαναναίων.
1661 1466 1682 1511 ὁ
1716 1469 1763 1511 δὲ

97 1536 208 1589 θεὸς
249 1537 456 1581 ἐπένευσε
496 1542 716 1595 σωτηρίαν
757 1534 905 1589 αὐτοῖς
944 1541 1016 1582 καὶ
1056 1537 1297 1595 στρατηγὸν
1339 1538 1530 1594 αἱρεῖται
1562 1536 1763 1593 Βάρακον

212 1673 233 1716 ξ
262 1674 326 1707 198
351 1689 393 1700 =
419 1672 531 1707 Iudic.
558 1672 609 1707 IV
637 1675 665 1707 1.

211 1806 676 1842 ROMSPLELatZonaras
701 1806 718 1841 I
741 1818 776 1852 p.
805 1809 859 1841 85.

214 1866 228 1896 1
256 1863 280 1897 i.
306 1873 416 1907 marg.
445 1859 530 1898 'R
563 1861 620 1897 VI
639 1863 709 1898 Lat
815 1863 1049 1908 κρείσσονοσ
1071 1861 1192 1897 ROSP
1298 1865 1317 1896 2
1342 1857 1592 1907 ἠτυχημένων]
1620 1855 1766 1906 εὐτυχη-

97 1918 223 1964 μένων
245 1918 384 1953 ROML
421 1916 460 1964 ἠ·
472 1918 687 1965 τιχημένων
711 1918 739 1953 P
769 1914 1032 1965 ήυτυχημένων
1056 1918 1079 1953 S
1111 1918 1336 1952 calamitates
1366 1928 1459 1962 quas
1486 1917 1590 1963 passi
1615 1917 1768 1961 fuerant

98 1975 170 2010 Lat
262 1987 302 2011 τε
327 1975 476 2010 seclusit
500 1975 646 2010 Bekker
737 1969 1092 2020 *μήθ’ὓπακούειν,
1116 1969 1193 2010 θἰἶ·
1218 1984 1311 2009 corr.
1331 1985 1376 2008 ex
1399 1969 1473 2009 τ’ὗ
1496 1972 1536 2006 Μ
1558 1969 1651 2018 μήτε
1675 1968 1767 2008 ὓπα-

98 2027 226 2067 κούειν
248 2030 279 2065 L
384 2033 461 2066 τῶν
486 2028 616 2074 νόμων
640 2031 672 2065 Ε
766 2034 841 2077 τῆς]
868 2037 953 2066 τοῖσ
977 2030 1097 2066 OM¹L
1188 2026 1263 2066 ὑπὸ
1290 2040 1317 2064 s.
1343 2029 1383 2063 M
1475 2032 1496 2062 4
1522 2023 1666 2074 Ἀβίτω]
1691 2024 1765 2064 ὑπὸ

100 2081 239 2132 οἷβίτου
261 2086 390 2121 MSPE
415 2082 489 2123 ὑπὸ
516 2087 673 2134 ἰαβίμου
696 2086 727 2121 L
753 2086 944 2121 a—z'aln'd
965 2086 1038 2121 Lat
1141 2086 1248 2126 *τοῦ]
1276 2087 1345 2121 τοῦ
1369 2086 1446 2120 τῶν
1470 2083 1542 2118 ML
1641 2087 1660 2118 5
1687 2086 1766 2119 δου-

101 2145 266 2184 λοῦνται]
291 2145 613 2179 καταδουλοῦνται
636 2142 766 2177 MSPE
790 2145 1098 2178 καταδουλοῦντα
1124 2142 1154 2176 L
1236 2146 1363 2177 asorat
1385 2141 1457 2176 Lat
1537 2142 1557 2174 6
1583 2140 1620 2176 δὲ
1646 2139 1676 2174 L

102 2232 419 2276 Σεμαχωνίτιδος]
445 2232 750 2276 σαμαχωνίτιδοσ
773 2231 884 2266 MLat
909 2226 1213 2277 ἅμαχωονίτιδοσ
1237 2232 1291 2267 SP
1318 2208 1622 2277 σοξμὶἷχωνίτιδοσ
1645 2228 1676 2263 L

103 2291 121 2322 7
148 2282 184 2323 δ’
211 2286 240 2322 O
335 2289 354 2321 8
380 2282 535 2333 εῦπόρει
561 2287 631 2321 ML
725 2284 950 2334 στρατηγὸς]
977 2290 1200 2334 στρατηγῶν
1222 2287 1386 2322 MSPLE
1478 2288 1547 2332 τῆσ
1571 2282 1769 2329 δυνάμεωσ

103 2345 326 2391 στρατηγῶν
350 2346 396 2378 tr.
421 2342 450 2377 P
532 2343 739 2389 *Σισάρης1
765 2340 958 2390 σουσάρησ
982 2343 1021 2378 Μ
1048 2339 1067 2379 ὃ
1093 2340 1254 2389 σισάρησ
1279 2343 1333 2378 SP
1357 2343 1476 2377 sisara
1502 2342 1572 2376 Lat
1598 2337 1769 2386 Σισάρας

102 2400 182 2436 Zon
296 2401 457 2445 τιμῆς-
472 2401 491 2433 9
517 2393 723 2444 τυγχάνων]
749 2398 850 2445 apud
872 2410 992 2444 reqem
1017 2398 1152 2434 honore
1174 2400 1315 2444 primus
1337 2399 1409 2433 Lat
1514 2401 1534 2432 9
1560 2393 1722 2442 πρώτης]
1748 2411 1769 2441 η

103 2467 149 2492 ex
174 2469 194 2492 o
221 2465 312 2490 corr.
339 2454 368 2489 Ο
402 2457 472 2500 τῆσ
504 2452 661 2501 πρώτησ
692 2454 820 2489 MSPL
957 2457 1011 2502 τῷ
1036 2465 1103 2489 om.
1128 2454 1180 2489 SP
1321 2458 1361 2490 12
1387 2454 1515 2495 πλέον]
1540 2456 1674 2489 πλεῖον
1696 2451 1768 2486 ML

103 2513 250 2549 πλείονι
273 2508 403 2558 χρόνω
429 2510 555 2546 SPLat
649 2512 689 2544 13
715 2507 768 2546 ἔτι
792 2521 860 2545 om.
885 2510 1087 2546 MSPLLat
1185 2507 1256 2552 διὰ]
1280 2513 1344 2546 καὶ
1367 2510 1495 2546 MSPL
1591 2511 1712 2545 καὶ-
1728 2509 1769 2543 16

104 2570 306 2615 προφῆτιν]
331 2566 375 2601 de
397 2571 516 2601 cetero
540 2570 659 2601 autem
685 2571 922 2613 temperantes
946 2578 968 2600 a
991 2566 1096 2601 malis
1118 2567 1195 2601 suis
1218 2570 1253 2602 et
1276 2571 1512 2612 aquoscentes
1535 2564 1601 2599 has
1625 2564 1770 2600 catami-

106 2628 198 2660 tates
212 2624 282 2660 sibi
296 2634 365 2669 pro
383 2622 501 2668 leyum
524 2627 729 2668 contempta
754 2622 892 2657 uenisse
915 2622 1098 2667 quandam
1115 2622 1390 2669 prophetissam
1414 2621 1556 2657 nomine
1580 2620 1770 2655 deborram

104 2700 148 2705 —
162 2682 415 2726 (roqauerunt)
439 2679 512 2714 Lat
643 2681 684 2714 14
705 2675 781 2720 ἵνα]
806 2680 870 2714 καὶ
892 2678 1103 2714 ROMLLat
1238 2681 1490 2725 σωφρονῶσιν
1514 2677 1770 2724 διδαχθέντεσ]

106 2738 354 2783 σωφρονῶσι·
383 2734 625 2780 διδαχθέντεσ
645 2734 699 2770 SP
724 2731 942 2781 σωφρόνωσ
966 2734 1275 2780 συνδιδαχθέντεσ
1298 2734 1436 2770 ROML
1520 2733 1769 2780 διδαχθέντες]

106 2790 342 2837 διδαχθέντες
366 2790 405 2827 δὲ
435 2790 527 2825 coni.
552 2790 624 2824 nisi
647 2801 680 2824 u.
710 2794 749 2825 15
774 2793 859 2826 ante
885 2787 1077 2837 Δαβώραν
1099 2791 1234 2825 lacuna
1258 2791 1452 2825 statuenda
1558 2794 1598 2826 15
1625 2786 1771 2831 αὖτοῖσ]

107 2842 225 2893 αὗτῆσ
249 2846 313 2882 Ro
419 2843 622 2893 Δαβώραν]
647 2845 821 2893 δεβώραν
846 2846 990 2882 OEZon
1013 2844 1180 2893 δεβόραν
1202 2847 1233 2881 L
1259 2845 1447 2881 deborram
1473 2846 1545 2882 Lat
1638 2849 1679 2881 16
1704 2845 1772 2882 *δέ

108 2913 176 2938 om.
190 2902 335 2937 MLLat
417 2904 484 2939 *δὲ
509 2913 602 2937 eras.
619 2902 650 2937 L
737 2898 781 2938 τὸ
810 2899 935 2947 ὄνομα
957 2903 990 2938 Ε
1077 2906 1117 2936 17
1141 2900 1327 2950 Ἑβραίων
1351 2913 1418 2938 om.
1434 2902 1499 2938 Ro
1594 2904 1635 2937 18
1660 2898 1772 2950 ὓπερ-

108 2961 198 2995 ιδεῖν
220 2958 261 2993 Μ
353 2954 668 3003 ἄπολλυμμένουσ
691 2958 715 2994 S
