2060 3475
720 230 897 265 Addenda
920 232 956 266 et
981 230 1202 274 corrigenda.
1606 231 1791 266 LXXXIII

139 356 173 391 p.
199 347 262 378 272
288 354 321 378 u.
348 348 367 377 3
391 341 629 390 βουλόμενοι]
656 343 696 387 L,
721 353 793 378 non
817 343 1062 390 ρίιυὶομίνου.

141 428 156 441 ,,
198 404 274 444 272,
300 404 341 434 22
368 405 453 436 ταῖσ
478 397 656 436 δεκάταισ
680 400 787 435 etiam
811 400 853 434 L.

143 484 157 497 „
199 460 275 500 285,
304 460 344 492 1ϋ
368 459 451 502 post
475 456 661 493 κατέθετο
687 457 977 501 distinguendum
1003 460 1067 492 est.

141 541 156 555 ,,
198 516 274 558 292,
303 515 343 548 12
368 513 524 548 continet
558 513 614 548 laic
646 513 734 548 liber
768 520 905 560 tempus
937 526 1114 550 mutorum
1147 513 1432 560 quudre'nqcnlos
1463 514 1696 560 sepina-(litata
1728 525 1796 550 sca:

319 570 396 605 cod.
424 569 530 605 Laur.
557 570 646 615 plut.
672 574 726 604 fio.
754 574 782 604 1.

141 655 156 668 ,,
199 631 274 672 309,
293 631 330 662 14
355 626 480 662 melius
494 629 573 662 erat
587 626 761 662 adnotare
775 628 881 662 haec:
902 626 944 663 ιῗκ
965 630 1031 664 τοῦ
1051 624 1300 673 καθήκοντος]
1316 624 1453 663 τούτου
1473 624 1717 673 καθήκοντοσ
1731 629 1794 664 SP.

141 712 156 724 ,.
199 687 262 719 327
289 684 355 719 sub
380 686 482 719 textu
506 694 661 728 repone:
686 686 706 728 ξ
737 688 794 719 175
810 684 978 719 =Iudic.
1005 684 1125 719 XVIII
1155 688 1182 717 1.

141 769 156 778 .
199 744 263 776 328
289 752 322 775 u.
342 743 385 775 24
410 736 501 777 τοὺσ
525 738 739 787 φρονήματι
765 741 842 776 cod.
870 741 950 777 Vat.
980 744 1040 776 147
1068 744 1158 776 teste
1185 740 1284 775 Mau.

142 825 156 837 „
199 802 278 842 338,
304 802 368 832 339
394 797 462 832 sub
487 801 589 833 textu
613 808 764 842 repone:
793 804 811 840 ς·
839 803 915 842 2:53,
943 802 961 839 ,ξ
989 802 1065 832 2:55.

142 881 156 893 „
200 858 263 889 35⁰
289 851 438 897 αὐτοὺς]
464 851 592 897 αὐτοῖς
616 855 708 890 coni.
735 855 781 889 ad
807 866 839 889 ιι.
868 859 886 889 2
911 854 1157 890 adnotandum
1182 856 1248 897 est,
1273 864 1346 888 non
1370 853 1417 888 ad
1443 864 1476 888 u.
1508 857 1534 887 l.

141 938 156 951 „
199 914 263 946 350
289 922 324 946 u.
352 915 368 945 ἰ·
396 911 433 946 in
458 911 554 946 notis
579 921 731 956 repone:
758 909 916 948 *δώσειν
941 911 1088 947 ROML.

870 1273 991 1317 VOL.
1023 1275 1076 1316 ΙΙ.

253 1387 535 1444 Scriptoribus
567 1389 637 1443 qui
667 1388 848 1444 Iosepho
879 1388 943 1431 usi
973 1392 1080 1442 sunt,
1112 1387 1188 1431 hos
1220 1386 1350 1430 adde:

140 1488 175 1522 p.
208 1481 279 1512 100.
308 1481 382 1513 159.
412 1481 485 1512 162.
514 1482 586 1513 163.
618 1482 690 1513 171.
721 1481 842 1523 186sq.
879 1482 952 1513 222.
981 1480 1043 1513 338
1074 1477 1156 1517 (VII
1188 1478 1232 1521 ἓξ
1257 1480 1362 1522 ¹.)lsq.
1396 1480 1472 1512 318.
1507 1480 1583 1512 25:53.
1611 1481 1687 1512 337.
1714 1479 1777 1511 378

321 1534 407 1569 VIII
439 1535 482 1577 ἓξ
509 1537 650 1569 44—47
685 1538 731 1581 (p.
762 1538 835 1579 1815,
861 1538 879 1569 3
906 1532 1114 1578 σι’ντάξατο
1134 1554 1176 1559 -
1196 1545 1231 1578 p.
1257 1535 1332 1577 187,
1354 1536 1369 1568 l
1405 1532 1599 1580 ἐπιλέγων)
1611 1535 1633 1575 ¹)
1668 1534 1688 1576 ξ
1714 1536 1797 1576 211;

321 1591 354 1625 X
379 1591 399 1634 ξ
425 1593 481 1632 33)
506 1602 592 1626 usus
617 1594 673 1627 est
699 1592 881 1628 Cedrenus
905 1593 922 1627 I
946 1604 982 1637 p.
1011 1594 1072 1627 123
1085 1603 1134 1636 sq.
1161 1592 1276 1626 Bonn.

145 1673 159 1685 ,,
206 1650 267 1681 175
293 1646 374 1688 (VII
399 1649 463 1681 392
475 1651 562 1693 sqq.)
586 1659 672 1683 usus
698 1651 752 1684 est
777 1649 960 1684 Cedrenus
984 1649 1001 1682 I
1025 1660 1060 1693 p.
1090 1650 1164 1682 173.

145 1730 160 1741 „
204 1705 268 1737 214
294 1703 393 1745 (VIII
421 1707 496 1746 174)
521 1715 606 1740 usus
632 1707 686 1740 est
711 1705 895 1740 Cedrenus
920 1705 937 1739 I
960 1716 996 1750 p.
1025 1706 1100 1738 167.

145 1786 159 1799 ,.
202 1762 267 1794 336
291 1760 445 1795 testibus
470 1761 581 1795 adde:
607 1761 769 1796 Zonaras
793 1761 810 1795 I
834 1772 868 1805 p.
900 1763 1024 1805 196sq.

145 1843 159 1856 „
203 1818 278 1851 381.
307 1818 370 1852 385
396 1817 441 1859 (X
466 1819 542 1851 232.
570 1820 648 1860 248)
673 1828 760 1852 usus
784 1820 839 1852 est
865 1816 1115 1852 Theodoretus
1139 1815 1177 1850 in
1200 1815 1294 1850 Dan.
1319 1816 1355 1851 H
1377 1828 1413 1861 p.
1441 1818 1517 1850 616.

144 1899 159 1913 ,,
201 1875 266 1908 388
290 1884 325 1908 u.
356 1876 393 1907 15
419 1868 570 1921 α’παντᾷ
590 1894 631 1898 --
653 1876 695 1908 22
720 1869 956 1921 ἀποβήσεται
981 1875 1018 1908 et
1042 1884 1076 1907 u.
1104 1874 1147 1907 26
1173 1867 1357 1918 ἀπὸ-Ρ.
1386 1875 1463 1917 389,
1493 1876 1504 1907 l
1534 1868 1800 1918 ἀποφέρεσθαι

321 1940 408 1965 usus
426 1932 481 1965 est
498 1929 747 1966 'theodoretus
771 1930 807 1964 H
822 1940 856 1974 p.
872 1931 935 1964 697
946 1941 1009 1974 sq.,
1035 1929 1096 1974 qui
1120 1929 1166 1964 ab
1190 1929 1373 1974 impressis
1399 1930 1455 1964 his
1480 1930 1680 1974 discrepat:
1707 1940 1741 1963 u.
1762 1932 1798 1963 15

322 1980 471 2023 ἅπαντα
534 1989 573 2022 16
597 1988 785 2034 μεγίστων
808 1985 993 2034 ἐχαρίσθη
1018 1990 1226 2033 προφητῶν
1293 1989 1331 2020 17
1358 1989 1421 2022 καὶ
1445 1989 1542 2028 (ante
1567 1982 1800 2031 τελευτήσας)

320 2053 387 2079 om.
482 2045 524 2078 20
550 2040 689 2090 Δανιὴλ
782 2046 823 2078 22
847 2039 997 2089 καιρὸν]
1022 2040 1092 2080 τὸν
1114 2040 1252 2091 καιρὸν
1351 2047 1392 2079 26
1418 2041 1555 2086 αὐτῶν]
1583 2046 1659 2080 τῶν
1684 2055 1800 2090 προρ-

323 2097 470 2147 ρήσεων
560 2111 595 2145 p.
623 2102 700 2145 389,
728 2104 741 2135 1
773 2096 871 2145 ὁμοῦ
896 2111 963 2136 om.
1057 2095 1305 2149 α’ποφέρεται.

254 2203 353 2246 Alia
382 2202 629 2258 corrigenda
658 2207 754 2247 sunt
784 2204 911 2246 haee:

140 2304 177 2338 p.
203 2296 246 2328 44
269 2304 305 2328 u.
334 2296 371 2327 17
397 2303 552 2338 repone:
578 2296 793 2340 τοιγαροῦν.

145 2376 160 2390 ,,
204 2354 257 2394 77,
286 2353 325 2385 16
349 2352 433 2395 post
456 2350 619 2396 γέροντα
643 2350 732 2386 tolle
756 2361 904 2386 comma.

145 2433 161 2448 ‚,
206 2409 283 2451 103,
308 2409 350 2441 20
375 2406 412 2441 in
435 2407 531 2442 notis
555 2417 708 2452 repone:
731 2410 898 2455 χεβρῶνι
924 2406 978 2442 SP
1003 2410 1089 2449 (non
1112 2406 1181 2449 P1).

257 2568 289 2608 1)
313 2564 376 2600 ubi
399 2565 490 2600 haec
522 2567 608 2601 sunt
632 2566 785 2602 Cedreni
817 2567 863 2601 ab
894 2566 1077 2611 impressis
1103 2565 1385 2611 discrepantiae:
1421 2575 1455 2609 p.
1487 2566 1560 2605 186,
1586 2567 1606 2596 4
1631 2561 1798 2598 πέντε-

140 2622 287 2668 χιλίοις]
311 2622 594 2668 πεντακισχίλια
717 2625 736 2657 6
761 2617 1060 2670 α’πὸ-τρόπον
1084 2633 1151 2658 om.
1279 2625 1297 2656 7
1324 2618 1433 2670 ζῴων
1457 2616 1640 2656 ἁπάντων
1661 2621 1707 2654 tr.

142 2681 299 2725 νηκτῶν]
325 2681 476 2725 πτηνῶν
575 2681 594 2713 8
620 2676 850 2724 οὐδεμίαν-
865 2682 906 2714 10
929 2677 1143 2722 ἐπεδείξατο
1169 2689 1237 2714 om.
1345 2680 1475 2713 11-12
1499 2678 1562 2713 καὶ
1586 2675 1799 2722 θεραπείαν

142 2740 224 2778 τοῖς
247 2729 480 2782 ἀνθρώποις]
511 2737 588 2771 τῶν
620 2730 837 2783 ἀνθρώπων
952 2738 993 2770 12
1018 2749 1058 2772 τε
1082 2732 1370 2780 συνταξάμενος]
1403 2734 1441 2771 δὲ
1473 2730 1648 2776 συντάξαι
1668 2731 1710 2769 ἐν

146 2794 187 2826 13
211 2788 414 2835 ἐνδούμενα
502 2794 543 2826 14
567 2791 696 2838 μηκέτι
779 2791 1021 2829 ἐκδιώκονται
1111 2794 1229 2827 καὶ-
1248 2794 1286 2826 15
1312 2787 1429 2836 ἰσχύει
1454 2801 1521 2826 om.
1618 2792 1658 2824 15
1679 2785 1799 2826 Ἐλεα-

144 2845 265 2895 ζαρόν
287 2860 371 2884 τινα
396 2850 442 2883 tr.
537 2851 578 2884 16
602 2845 808 2895 παρόντων
902 2852 940 2883 17
966 2845 1054 2890 ὑπὸ]
1079 2844 1168 2890 τοὺς
1194 2843 1270 2884 ὑπὸ
1366 2849 1406 2882 18
1431 2844 1581 2889 τούτοις
1673 2849 1714 2881 20
1738 2845 1799 2883 ἐπὶ

144 2900 211 2950 τὴν
235 2906 422 2950 σφραγῖδα
499 2906 538 2938 21
565 2902 720 2950 ἐξῆλθεν
790 2901 1097 2951 ὀσφραινόμενον
1172 2900 1381 2951 μυκτήρων]
1406 2902 1522 2949 ῥινῶν
1604 2906 1646 2938 22
1670 2902 1799 2950 μηκέτι

255 2958 462 3006 ἐπανήξειν]
486 2956 738 3007 ὑποστρέφειν
841 2955 979 3008 ὥρκου]
1006 2954 1144 3008 ὅρκους
1250 2962 1507 3005 Σολομῶντος
1612 2963 1688 3004 187,
1716 2963 1728 2993 1
1757 2972 1797 2996 τε

146 3025 213 3051 om.
305 3016 551 3063 μεμνημένον.
