2091 3418
68 585 87 617 5

49 921 85 955 10

51 1260 87 1292 15

621 189 783 234 ANTIQ.
809 190 905 227 IUD.
932 191 949 226 1
975 194 1110 226 89—93
1135 193 1186 234 (ιιι
1203 198 1230 223 ⁵.
1247 195 1277 235 ο)
1727 194 1776 231 21

229 310 268 348 5.
295 299 670 361 Ἐπισημήναντος
701 304 747 346 δὲ
776 306 854 346 τοῦ
893 307 1004 347 θεοῦ
1043 306 1115 348 καὶ
1156 300 1247 348 ἵειν
1288 301 1532 361 ἀρξαμένου
1577 305 1626 349 τὸ
1660 302 1776 364 ῦδωρ
1796 311 1847 351 89

117 371 303 431 ἡμέραις
317 371 645 427 τεσσαράκοντα
667 366 794 422 ὅλαις
810 375 1088 436 κατεφέρετο,
1111 369 1172 423 ὥς
1191 371 1266 416 ἐπὶ
1290 372 1445 430 πήχεις
1466 375 1778 418 πεντεκαίδεκα

114 439 192 497 τὴν
221 441 298 496 γῆν
338 436 578 495 ὑπερέχειν.
639 441 710 482 καὶ
749 442 880 482 τοῦτο
922 438 970 496 ην
1011 440 1060 483 τὸ
1096 441 1239 484 αἴτιον
1280 443 1356 483 τοῦ
1393 440 1447 497 μ’]
1494 442 1777 499 διασωθῆναι

115 508 326 557 πλείονας
356 508 495 563 φυγῆς
526 502 732 563 ἀφορμὴν
763 503 837 549 οῦκ
883 507 1073 560 ἔχοντας.
1131 511 1416 561 παυσαμένου
1458 509 1505 551 δὲ
1536 512 1611 552 τοῦ
1652 508 1778 553 «ῦετοῦ
1795 513 1847 553 90

115 574 245 630 μόλις
264 571 428 630 ἤρξατο
450 571 710 628 ὑποβαίνειν
731 574 780 616 τὸ
807 571 919 630 ὕδωρ
943 570 1016 632 ἐφ’
1041 572 1203 631 ἡμέρας
1225 574 1379 618 ἑκατὸν
1400 578 1471 619 καὶ
1495 577 1779 634 πεντήκοντα,

116 639 177 692 ὥς
205 643 310 698 μηνὶ
341 640 538 697 ἑβδόμῳ,
573 641 808 696 ἱσταμένου
840 643 886 685 δὲ
918 634 967 699 ἦν
990 641 1177 699 ἑβδόμη,
1217 639 1313 685 κατ’
1337 638 1485 700 ὀλίγον
1517 642 1780 690 ὑπονοστεῖν

118 704 434 766 ἀπολήγοντος.
482 709 638 752 ἔπειτα
659 712 736 766 τῆς
758 709 971 765 λάρνακος
1002 712 1105 766 περὶ
1138 707 1274 766 ι’ἱκραν
1303 711 1403 754 τινὰ
1435 708 1564 767 ὅρους
1597 717 1782 758 σταθεί-

117 792 196 835 σης
239 776 350 820 κατὰ
386 775 465 834 τὴν
503 772 734 833 Ἀρμενίαν
784 779 927 827 συνεὶς
975 775 997 820 ὃ
1038 780 1194 831 Νῶχος
1242 774 1408 834 ἀνοίγει
1453 776 1493 821 τ’
1526 776 1660 838 αὐτὴν
1708 784 1782 825 καὶ

115 844 397 899 θεασάμενος
427 847 505 901 γῆν
534 849 742 900 βραχεῖαν
773 848 877 901 περὶ
910 841 1043 902 αὐτὴν
1065 845 1140 888 ἐπὶ
1158 850 1452 903 χρηστοτέρας
1482 845 1563 906 ἤδη
1595 849 1782 905 γεγονώς

117 912 300 963 ἐλπίδος
332 908 496 969 ἠρέμει.
556 909 728 968 ὀλίγαις
751 909 791 955 δ’
815 908 994 968 ’ύστερον
1027 910 1209 969 ἡμέραις
1238 915 1405 968 μᾶλλον
1446 912 1780 971 ὑποχωροῦντος
1797 920 1845 959 91

115 983 193 1024 τοῦ
225 975 386 1030 ἱῗδατος
416 984 603 1037 μεθίησι
634 981 798 1036 κόρακα
827 980 1095 1035 βουλόμενος
1115 984 1295 1035 μαθεῖν,
1329 982 1372 1025 εἴ
1398 1000 1442 1026 τι
1471 986 1545 1026 καὶ
1577 981 1684 1027 ἄλλο
1706 988 1784 1042 τῆς

115 1050 194 1105 γῆς
225 1047 554 1103 ἒκλελειμμέιόν
575 1045 662 1091 ὑπὸ
686 1050 765 1091 τοῦ
786 1043 947 1098 ιὓδατος
969 1043 1168 1106 ἀσφαλές
1191 1048 1309 1092 ἐστιν
1342 1047 1420 1108 ἤδη
1445 1050 1560 1106 πρὸς
1581 1051 1781 1106 ἔκβασιν·

118 1113 141 1159 ὃ
175 1115 222 1158 δὲ
254 1117 405 1158 πᾶσαν
437 1113 575 1172 εὗρών
605 1116 669 1159 ἔτι
703 1116 1019 1173 λιμναζομένην
1051 1115 1165 1173 πρὸς
1188 1119 1344 1170 Νῶχον
1376 1117 1618 1175 ἐπανῆλθε.
1670 1120 1781 1174 μετὰ

120 1183 167 1226 δὲ
198 1180 361 1240 ἡμέρας
391 1182 505 1226 ἑπτὰ
537 1183 802 1240 περιστερὰν
833 1183 909 1226 ἐπὶ
939 1187 1002 1240 τῷ
1032 1187 1194 1240 γνιῦναι
1225 1184 1280 1227 τὰ
1303 1188 1407 1241 περὶ
1427 1185 1505 1243 την
1535 1189 1612 1243 γῆν
1643 1188 1783 1244 πρού-

118 1260 318 1306 πεμψεν·
359 1250 693 1309 ἐπανελθούσης
736 1252 783 1294 δὲ
823 1253 1146 1309 πεπηλωμένης
1185 1247 1277 1307 ἅμα
1314 1256 1387 1296 καὶ
1425 1254 1597 1298 θαλλὸν
1628 1254 1779 1307 ἐλαίας
1796 1260 1848 1300 92

117 1319 391 1377 κομιζούσης,
422 1317 586 1374 μαθών
615 1318 694 1375 τὴν
723 1322 800 1376 γῆν
833 1315 1170 1377 ἀπηλλαγμένην
1198 1323 1277 1363 τοῦ
1297 1323 1601 1377 κατακλυσμοῦ
1629 1328 1783 1377 μείνας

120 1384 257 1438 ἄλλας
289 1386 403 1429 ἑπτὰ
433 1383 598 1443 ἡμέρας
636 1386 691 1428 τά
730 1403 777 1429 τε
817 1386 907 1442 ζῷα
943 1389 1020 1444 τῆς
1059 1387 1273 1444 λάρνακος
1309 1388 1542 1446 ἐξαφίησιν
1575 1386 1706 1442 αῦτός
1735 1408 1783 1434 τε

118 1454 229 1510 μετὰ
269 1457 346 1511 τῆς
383 1456 533 1510 γενεᾶς
572 1453 811 1510 προελθών
850 1456 922 1497 καὶ
960 1454 1106 1506 θύσας
1144 1458 1208 1512 τῷ
1237 1459 1335 1512 θεῷ
1367 1467 1649 1511 συνευωχεῖτο
1688 1468 1783 1510 τοῖς

121 1522 314 1573 οἰκείοις.
365 1518 668 1577 ἀποβατήριον
699 1525 849 1576 μέντοι
871 1521 947 1565 τὸν
967 1522 1109 1565 τόπον
1129 1525 1285 1567 τοῦτον
1307 1520 1531 1580 Ἀρμένιοι
1552 1527 1782 1570 καλοῦσιν·

121 1590 208 1634 ἐκεῖ
237 1589 319 1646 γὰρ
342 1586 653 1647 ἀνασωθείσης
681 1592 759 1646 τῆς
780 1589 995 1646 λάρνακος
1026 1589 1091 1634 ἔτι
1122 1593 1196 1633 νῦν
1228 1586 1360 1648 αὐτῆς
1390 1591 1444 1634 τὰ
1468 1593 1662 1648 λείψανα
1683 1592 1784 1637 ἐπι-

123 1657 380 1702 δεικνύουσι.

235 1729 274 1768 6.
321 1727 410 1768 Τοῦ
440 1725 486 1768 δὲ
525 1726 828 1780 κατακλυσμοῦ
864 1725 1022 1768 τούτου
1060 1726 1133 1768 καὶ
1171 1728 1249 1782 τῆς
1289 1726 1502 1783 λάρνακος
1540 1731 1781 1786 μέμνηνται
1798 1734 1851 1774 93

233 1829 254 1868 ξ
281 1828 324 1861 89
348 1843 393 1856 =
417 1826 506 1861 Gen.
531 1825 602 1861 VII
628 1828 679 1860 10.

230 1936 694 1973 ROMSPLELatZonaras
719 1937 736 1971 I
760 1949 794 1983 p.
811 1940 852 1972 27
867 1949 918 1982 sq.
974 1937 1156 1973 Eusebius
1182 1941 1356 1974 onomast.
1382 1949 1476 1975 sacr.
1501 1952 1536 1985 p.
1553 1943 1630 1976 208.
1645 1944 1687 1976 38
1713 1942 1785 1978 La-

119 1994 240 2039 garde,
261 1993 583 2039 praep.euang.IX
595 1996 718 2038 p.414.
756 1993 972 2030 Eustathius
989 1995 1027 2030 in
1044 1995 1204 2031 hexasm.
1216 2007 1251 2040 p.
1264 1998 1318 2029 49.
1344 1995 1503 2031 Michael
1514 1997 1645 2043 Glycas
1659 2009 1694 2043 p.
1707 2001 1784 2034 239.

234 2053 249 2084 1
275 2047 594 2096 ἐπισημήιναντοσ
617 2049 662 2084 P2
775 2053 794 2084 3
818 2048 1028 2097 ὑπερέχειν]
1061 2047 1264 2099 ὑπερσχεῖν
1287 2052 1341 2087 SP
1364 2049 1549 2100 ὑπερέσχε
1573 2054 1607 2088 Ε
1720 2058 1784 2091 καὶ

119 2108 233 2143 τοῦτο
247 2109 326 2140 —4
351 2103 519 2152 ἔχοντας]
538 2105 638 2151 quod
658 2111 857 2152 propterea
881 2108 1022 2152 factum
1047 2111 1110 2150 est,
1135 2119 1180 2142 ne
1196 2108 1379 2154 plurimos
1399 2109 1517 2154 fassae
1533 2111 1675 2145 occasio
1701 2110 1784 2146 libe-

118 2166 219 2198 raret
241 2161 313 2197 Lat
415 2166 434 2197 5
460 2163 480 2184 *
489 2159 534 2213 τὸ
559 2156 659 2207 ὕδωρ
684 2158 910 2210 ὑποβαίνειν
932 2166 977 2199 tr.
1004 2163 1058 2199 SP
1170 2161 1331 2212 ἧμέραισ
1354 2166 1378 2205 (ι
1403 2165 1486 2200 add.
1510 2176 1557 2201 m.
1586 2169 1599 2200 1
1627 2166 1669 2208 P)
1694 2167 1783 2202 SPE

232 2220 252 2252 6
277 2218 325 2260 δὲ]
351 2213 387 2254 ‹5'
412 2218 483 2254 SP²
575 2216 741 2265 ἑβδόμου
765 2219 794 2254 Ο
821 2217 974 2267 ἑβδόμη·
1000 2219 1029 2254 Ρ
1135 2223 1154 2255 6
1179 2217 1407 2258 ὑπονοστεῖν
1431 2217 1706 2268 ἀπολήγοντος]
1732 2223 1784 2257 in-

118 2273 268 2310 ckoauit
292 2275 407 2310 latens
437 2274 548 2309 herba
580 2285 713 2320 parere
735 2275 807 2311 Lat
921 2279 939 2311 8
966 2272 1179 2323 *ἁρμενιάν
1205 2276 1290 2312 OSP
1405 2280 1554 2324 Νῶχος]
1580 2275 1705 2314 νώεοσ
1729 2279 1783 2315 SP

119 2333 217 2377 νῶχε
241 2331 273 2366 Ε
377 2326 414 2367 τ’
441 2326 567 2377 αὐτὴν]
593 2331 687 2366 coni.
713 2329 851 2379 ταύτην
874 2332 978 2368 codd.
1002 2332 1036 2367 E
1129 2337 1169 2368 10
1194 2332 1352 2369 ἐλπίδασ
1377 2333 1405 2368 Ο
1496 2334 1637 2368 111110-
1655 2337 1696 2370 13
1721 2346 1784 2370 ex-

120 2387 254 2434 cerpsit
279 2387 411 2432 Glycas
502 2387 541 2423 δὲ
557 2387 588 2421 L
683 2390 722 2423 12
747 2387 1045 2434 ἐκλελειμμένον]
1072 2389 1201 2435 incipit
1217 2390 1258 2424 M
1350 2388 1639 2434 *ἐκλελειμένον
1662 2391 1703 2425 Μ
1726 2390 1783 2428 ἐκ·

120 2443 321 2488 λελυμένον
346 2443 375 2478 O
500 2445 538 2477 13
565 2439 629 2485 ἔτι]
656 2436 715 2480 ὅτι
738 2444 767 2480 O
882 2442 1005 2481 νώεον
1021 2445 1075 2480 SP
1144 2444 1346 2492 ἐπανῆλθε]
1373 2441 1441 2482 οῦκ
1464 2444 1654 2492 ἐπανῆλθε
1672 2447 1784 2482 EZon

234 2502 276 2534 14
299 2494 338 2535 δ’
355 2499 388 2534 Ε
481 2496 764 2547 περιστερὰν-
781 2503 821 2536 15
846 2501 1124 2548 πεπηλωμένης]
1150 2502 1315 2537 columba
1339 2513 1446 2548 quam
1470 2502 1627 2545 miserat,
1652 2506 1693 2537 ut
1715 2504 1783 2539 ali-

121 2555 210 2602 quid
224 2556 268 2591 de
285 2561 384 2591 terra
401 2560 644 2601 coqnosceret‚
669 2555 848 2592 lutulenta
863 2560 1043 2592 remeante
1059 2557 1131 2593 Lat
1210 2562 1276 2607 τῷ]
1302 2555 1346 2594 τὸ
1364 2558 1492 2593 MSPL
1564 2562 1604 2593 15
1629 2557 1784 2597 ἐπανελ-

121 2609 262 2659 θούσης
285 2612 334 2654 δὲ]
358 2611 432 2646 ΜΕ
456 2609 742 2658 ἐπανελθούσησ
766 2612 794 2648 Ο
818 2606 866 2659 ἧσ
896 2611 1184 2661 ἐπανελθούσησ
1213 2611 1317 2661 πρὸσ
1341 2609 1458 2650 αῦτὸν
1482 2614 1534 2649 SP
1559 2608 1607 2661 ἧσ
1629 2614 1785 2654 ἐπανελ-

121 2666 267 2712 θούσησ
281 2669 312 2703 L
381 2668 712 2716 *προπηλωμένησ
735 2668 764 2704 Ο
833 2666 959 2706 θαλὸν
976 2670 1153 2706 0MSP¹E
1224 2674 1265 2705 16
1289 2667 1436 2715 μαθών]
1454 2673 1517 2706 καὶ
1533 2668 1670 2715 μαθὼν
1687 2673 1784 2708 MSP

119 2721 238 2771 γνοὺσ
257 2725 306 2769 Ες
330 2724 439 2770 incip.
457 2725 593 2760 Euseb.
612 2729 784 2762 onomast.
867 2722 1182 2773 *ἀπηλλαγμένην
1205 2722 1272 2772 τὴν
1290 2728 1360 2772 γῆν
1383 2728 1427 2761 tr.
1445 2726 1570 2762 Euseb
1654 2733 1693 2764 17
1716 2731 1783 2766 *τε

122 2791 190 2817 om.
205 2781 301 2816 MSP
388 2784 428 2816 19
446 2778 617 2829 ἁρμένιοι
635 2781 772 2817 OPS²E
878 2785 1035 2819 καλοῦσι
1061 2782 1090 2817 Ο
1195 2785 1236 2816 20
1260 2783 1461 2828 Ησωθείσης
1483 2783 1592 2829 incip.
1619 2783 1652 2819 R
1676 2784 1737 2820 fol.
1764 2789 1784 2820 9

234 2832 357 2883 αὐτῆς]
376 2835 412 2874 οἳ
428 2834 624 2883 ἐπιχώριοι
640 2837 752 2873 MLat
769 2832 886 2884 αῦτῆσ
903 2836 939 2874 οὶ
955 2836 1152 2885 ἐπιχώριοι
1168 2838 1252 2874 SPL
1270 2841 1307 2873 et
1330 2840 1371 2874 ut
1394 2839 1468 2873 uid.
1494 2839 1653 2875 Eustath
1671 2836 1784 2888 αὐτῆς

125 2892 161 2930 οἱ
183 2890 405 2941 περιχώριοι
427 2894 552 2929 Euseb
634 2897 673 2930 21
701 2891 958 2930 *δεικνύουσιν
982 2894 1105 2930 Euseb
1184 2897 1226 2928 22
1250 2894 1360 2939 incip.
1385 2894 1565 2931 Eusebius
1589 2907 1715 2943 praep.

124 2946 486 2996 *τοῦ-λάρνακος]
511 2951 581 2996 τῆσ
606 2950 644 2987 δὲ
667 2953 737 2987 τοῦ
759 2953 1026 2995 κατακλυσμοῦ
1049 2947 1186 2987 τούτου
1209 2948 1404 2997 λα’ρνακοσ
1427 2950 1456 2986 Ο
