2060 3475
830 264 1023 300 Praefatio.
1644 268 1760 303 Lxlx

97 387 138 425 et
159 380 372 424 Cedrenus
396 379 567 433 quidem
599 379 768 434 saepius
801 393 893 422 curn
926 381 1108 435 epitoma
1132 381 1335 423 consentit
1369 393 1622 434 quamquam
1655 383 1758 427 inte-

94 449 230 504 griore
262 447 439 501 losepho
472 460 570 489 usus
602 451 683 499 cst3
718 460 793 488 nec
825 450 965 501 procul
1000 449 1053 490 ab
1086 462 1137 491 ea
1167 449 1313 491 aberat
1343 449 1504 504 Glycac
1536 449 1682 504 codeX‚
1716 457 1760 494 ut

96 523 235 560 tamen
276 515 330 557 ad
364 515 433 556 LV
475 515 665 569 proxime
706 515 907 557 accedere
952 516 1146 558 uideatur
1185 517 1238 558 ab
1271 518 1335 558 si)
1368 518 1531 570 longius
1563 525 1758 562 remotus.

207 583 295 624 Iam
327 596 440 637 uero,
472 586 516 625 ut
550 583 731 625 breuiter
761 584 1031 638 complectar,
1063 597 1171 636 quae
1204 584 1329 638 longa
1355 584 1637 639 disputatione
1661 588 1759 631 effe-

96 651 201 694 cisse
226 650 386 703 uideor,
419 664 543 692 unum
576 650 704 693 fuisse
739 651 902 693 uidetur
923 653 1106 694 omnium
1141 652 1260 694 huius
1283 652 1451 705 losephi
1485 655 1615 707 partis
1647 655 1757 697 codi-

94 733 186 762 cum
219 722 422 772 quotquot
451 723 595 760 extant
617 718 892 773 archetypum
925 725 966 761 et
994 721 1084 761 sons
1109 719 1345 773 primarius,
1379 733 1501 772 quem
1533 722 1665 764 altero
1688 728 1761 765 aut

94 788 216 830 tertio
248 792 344 841 post
376 786 470 828 Chr.
503 786 671 828 saeculo
712 787 909 841 scriptum
951 800 1043 829 esse
1075 787 1290 839 conicio.¹)
1351 786 1425 829 sed
1456 801 1553 830 mox
1596 789 1634 830 in
1676 790 1758 833 duo

93 867 249 910 genera
279 853 446 897 codices
478 852 759 895 discesserunt
790 855 968 897 alterum
999 854 1149 896 melius
1182 859 1224 896 et
1254 854 1469 908 sincerius,
1502 856 1615 908 quod
1640 857 1758 900 libris

93 922 167 966 ΒΟ
201 923 455 973 continetur,
488 922 666 962 alterum
700 921 903 974 (ieter-iim,
936 922 1052 964 cuius
1083 927 1179 963 sunt
1210 922 1347 965 ceteri.
1410 935 1517 975 quae
1549 929 1646 966 ante
1678 925 1756 966 Eu-

93 990 199 1034 sebii
231 989 516 1033 Caesariensis
553 994 744 1043 tempora
784 989 824 1030 in
857 989 1048 1032 diuersas
1088 994 1231 1042 partes
1272 989 1428 1032 abiisse
1470 991 1684 1046 uidentur,
1723 993 1759 1035 si

94 1057 263 1112 quidem
303 1058 412 1099 hunc
453 1062 563 1098 reete
602 1056 824 1098 statuimus
862 1070 1014 1109 genere
1055 1056 1261 1099 deteriore
1306 1070 1426 1099 usum
1474 1071 1576 1100 esse.
1646 1064 1758 1103 certe

92 1126 262 1168 saeculo
305 1125 449 1177 quinto
481 1123 770 1166 Theodoretus
808 1124 928 1167 huius
967 1125 1133 1179 generis
1173 1124 1290 1167 testis
1331 1131 1391 1168 est
1425 1131 1465 1166 et
1495 1133 1616 1170 sexto
1649 1128 1756 1170 eius-

94 1194 190 1236 dem
239 1193 456 1246 exemplar
498 1190 754 1234 Cassiodorii
801 1192 915 1234 iussu
961 1192 1001 1233 in
1042 1192 1218 1234 latinum
1258 1206 1506 1235 conuersum
1548 1199 1622 1237 est.
1682 1195 1759 1238 sed

94 1265 286 1304 neutrum
331 1273 462 1314 genus
508 1271 656 1313 purum
703 1264 914 1301 seruatum
961 1265 1044 1313 est,
1099 1273 1235 1313 neque
1282 1260 1456 1303 alterius
1510 1263 1642 1304 utrius
1688 1275 1758 1304 ex-

95 1334 156 1370 tat
195 1328 313 1371 testis
353 1329 527 1382 integer.
588 1327 767 1381 primum
808 1328 917 1370 enim
947 1326 1021 1370 ΒΟ
1054 1341 1106 1369 ex
1145 1328 1251 1369 libro
1293 1328 1451 1369 saeculi
1489 1330 1575 1371 fere
1606 1329 1759 1372 decimi

93 1395 292 1450 descripti
331 1409 404 1450 per
441 1395 704 1438 saeculorum
747 1395 861 1437 uices
902 1408 983 1437 non
1023 1396 1158 1438 solum
1199 1396 1458 1449 corruptelas
1496 1397 1650 1439 multas
1681 1397 1759 1439 sed

94 1464 221 1506 etiam
251 1464 604 1518 interpolamenta
635 1463 787 1516 partim
819 1463 987 1517 propria
1009 1463 1159 1517 partim
1184 1476 1275 1505 cum
1299 1464 1432 1506 altero
1462 1477 1616 1518 genere
1648 1479 1756 1507 com-

94 1532 236 1574 munia
275 1531 390 1586 passi
430 1536 536 1573 sunt.
598 1530 677 1572 hoc
716 1544 815 1573 uero
857 1530 1042 1573 deterius
1084 1531 1213 1572 multo
1255 1532 1397 1585 plures
1429 1537 1471 1574 et
1502 1532 1759 1586 antiquiores

95 1602 223 1641 testes
253 1599 403 1651 habet3
446 1611 590 1641 omnes
622 1598 731 1640 enim
763 1599 849 1640 fere
880 1598 1115 1652 scriptores,
1150 1598 1220 1650 qui
1254 1599 1433 1654 Iosepho
1465 1599 1528 1641 usi
1558 1604 1676 1652 sunt,
1709 1613 1759 1642 eo

94 1667 158 1708 usi
189 1680 281 1709 esse
313 1666 524 1719 uidentur3
564 1666 638 1709 sed
678 1669 953 1708 correctorem
985 1670 1207 1719 expertum
1239 1671 1322 1720 est,
1361 1666 1431 1718 qui
1471 1667 1759 1709 recensionem

95 1734 307 1787 quandam
339 1738 380 1776 et
411 1733 637 1776 editionem
669 1745 821 1775 nouam
860 1733 998 1776 facere
1029 1733 1174 1775 uoluit.
1236 1734 1368 1775 multa
1408 1733 1535 1787 igitur
1565 1739 1760 1789 corrupta

94 1802 254 1844 scilicet
280 1801 532 1855 emendauit‚
564 1800 769 1855 imprimis
808 1800 978 1842 nomina
1008 1800 1208 1843 hebraica
1239 1800 1295 1842 ad
1326 1800 1620 1844 auctoritatem
1649 1802 1759 1844 sacri

94 1868 252 1912 codicis
274 1868 463 1910 mutauit.
514 1868 621 1911 haec
642 1868 829 1910 recensio
851 1868 892 1909 in
922 1868 1066 1923 plures
1097 1868 1227 1910 libros
1258 1869 1466 1911 translata
1495 1882 1578 1912 non
1608 1869 1758 1912 eodem

93 1935 217 1980 modo
249 1949 392 1979 omnes
424 1936 578 1989 affecit,
611 1948 693 1989 quo
715 1937 871 1978 factum
893 1939 957 1978 est
978 1941 1023 1977 ut
1043 1950 1096 1979 ne
1119 1949 1170 1979 ea
1192 1935 1363 1989 quidem
1385 1940 1512 1978 nacta
1532 1937 1585 1978 sit
1605 1941 1759 1980 testem

93 2005 312 2047 sincerum.
373 2002 418 2045 id
460 2003 572 2056 quod
614 2017 663 2046 eo
701 2004 928 2059 praecipue
969 2003 1165 2046 effectum
1206 2003 1396 2057 uidetur,
1436 2003 1548 2057 quod
1578 2004 1621 2046 in
1651 2005 1757 2047 anti-

94 2073 306 2127 quissimis
347 2071 660 2126 exemplaribus
700 2072 834 2114 multa
872 2071 914 2113 in
953 2071 1143 2126 margine
1185 2076 1305 2113 erant
1343 2071 1566 2125 adnotata,
1607 2072 1758 2125 quibus

92 2140 254 2183 librarii
293 2139 401 2182 alius
441 2139 563 2182 aliter
595 2140 658 2181 usi
689 2143 797 2181 sunt.
858 2139 1037 2182 accessit
1067 2143 1255 2182 mutuum
1297 2153 1390 2181 cum
1429 2139 1562 2182 altero
1601 2153 1758 2194 genere

91 2208 266 2251 meliore
308 2207 629 2259 commercium,
670 2220 724 2249 ex
766 2220 847 2260 quo
888 2206 1078 2250 eiusdem
1116 2207 1282 2262 generis
1322 2207 1467 2249 uariae
1507 2212 1622 2249 ortae
1661 2210 1758 2250 sunt

93 2275 251 2328 figurae
281 2275 586 2329 gentiliumque
607 2280 732 2317 aucta
754 2280 818 2318 est
848 2274 1159 2317 dissimilitudo.
1210 2275 1322 2317 unde
1344 2275 1642 2329 explicandum
1665 2287 1757 2317 esse

92 2342 278 2395 uidetur,
320 2342 433 2395 quod
464 2343 535 2384 LV
574 2341 699 2384 modo
731 2356 824 2384 eum
854 2340 928 2384 ΒΟ
960 2342 1086 2385 modo
1118 2355 1211 2384 cum
1242 2342 1352 2384 MSP
1393 2342 1676 2394 consentiunt,
1717 2346 1758 2384 et

95 2409 208 2464 quod
241 2409 275 2452 Ο
307 2409 516 2452 interdum
548 2410 719 2464 propius
758 2409 923 2452 accedit
949 2409 1006 2451 ad
1037 2409 1100 2463 M,
1131 2409 1326 2463 aliaeque
1357 2409 1535 2452 aliorum
1565 2409 1758 2451 codicum

94 2477 347 2520 adfinitates.
399 2477 553 2521 deinde
583 2478 753 2520 saeculo
784 2481 831 2520 ut
862 2477 1029 2520 uidetur
1059 2477 1146 2520 fere
1179 2476 1342 2519 decimo
1365 2477 1477 2518 illius
1502 2477 1757 2519 recensionis

95 2546 312 2599 exemplar
341 2545 484 2588 multis
515 2546 737 2588 uirtutibus
767 2545 931 2600 insigne
962 2544 1100 2587 denuo
1137 2550 1200 2587 est
1238 2545 1497 2597 recognitum
1535 2548 1577 2585 et
1618 2557 1755 2586 emen-

95 2612 240 2655 datum
271 2627 297 2655 a
326 2612 600 2667 grammatico
632 2611 746 2654 haud
777 2612 960 2666 indocto,
991 2613 1102 2655 unde
1132 2613 1212 2655 orti
1241 2617 1339 2655 sunt
1370 2612 1434 2654 SP
1466 2610 1631 2654 codices
1663 2625 1757 2654 cum

98 2680 301 2723 Vaticano
337 2682 442 2721 1304
466 2684 506 2722 et
526 2680 718 2722 Parisino
744 2682 863 2721 1602.
917 2679 994 2722 sed
1024 2684 1110 2722 tam
1131 2679 1218 2722 acri
1250 2678 1388 2721 studio
1409 2676 1613 2732 Iosephus
1643 2678 1754 2732 lege-

211 2805 240 2843 1)
265 2812 334 2846 quo
360 2804 521 2846 tempore
547 2802 617 2836 orti
642 2802 714 2837 sint
739 2802 882 2837 codices
906 2802 1038 2844 nostri,
1065 2812 1109 2836 ex
1131 2800 1336 2835 testimonio
1363 2800 1407 2834 de
1433 2799 1576 2835 Christo
1601 2800 1756 2835 fortasse

97 2856 193 2892 effici
222 2861 357 2903 potest,
389 2858 485 2902 quod
508 2859 594 2892 Ant.
619 2859 698 2893 Iud.
724 2858 845 2893 XVIII
876 2869 905 2893 c.
934 2861 952 2892 3
986 2860 1004 2900 ξ
1033 2860 1050 2891 3
1075 2857 1113 2890 in
1147 2856 1312 2891 omnibus
1345 2855 1530 2891 codicibus
1555 2857 1694 2900 graecis
1719 2859 1755 2892 et

96 2913 218 2948 latinis
242 2916 351 2949 extat.
399 2925 482 2949 nam
506 2914 666 2950 dubitari
689 2925 762 2950 non
786 2918 917 2960 potest,
943 2914 1029 2958 quin
1053 2916 1168 2948 totum
1192 2912 1449 2957 interpolatum
1474 2912 1536 2955 sit;
1562 2914 1656 2957 quod
1679 2913 1753 2957 pri-

97 2979 175 3004 mus
205 2969 316 3004 habet
339 2969 540 3014 Eusebius,
574 2974 702 3006 contra
727 2971 890 3015 Origines
922 2981 995 3006 non
1020 2969 1231 3014 cognouisse
1255 2968 1411 3003 uidetur.
1459 2979 1543 3014 ergo
1567 2972 1650 3014 post
1675 2968 1753 3004 Ori-

98 3025 215 3069 ginem
239 3027 323 3059 ante
347 3025 544 3062 Eusebium
567 3027 606 3062 in
629 3027 822 3072 Iosephum
846 3027 997 3062 inlatum
1022 3035 1100 3061 esse
1124 3024 1280 3059 uidetur.
