2091 3418
14 937 50 970 10

10 1275 47 1308 15

578 206 740 251 ANTIQ.
764 206 861 242 IUD.
886 207 902 241 1
927 209 1081 243 ‹jo—101
1107 208 1157 250 (ιιι
1174 212 1202 241 7.
1218 211 1249 250 s)
1692 206 1744 244 23

88 330 236 381 φυγεῖν
276 323 559 376 κεκριμένων·
601 319 1073 376 κακοδαιμονεστέρους
1110 320 1192 377 γὰρ
1233 320 1406 363 ἐκείνων
1445 319 1632 363 ἔσεσθαι
1669 321 1743 362 καὶ

82 394 212 446 χείρω
242 392 396 431 κακίαν
426 387 847 439 καταδικασθέντας,
881 387 919 430 εἰ
940 387 995 445 μ’]
1024 388 1138 444 πρὸς
1167 387 1217 432 τὸ
1250 388 1463 438 παντελὲς
1485 385 1570 431 εἶεν
1602 402 1742 431 σεσω-

86 460 249 513 σμένοι,
281 459 516 513 τηρηθεῖεν
539 450 579 496 δ’
602 454 736 511 ἑτέρῳ
758 456 1059 512 κατακλυσμῷ,
1092 458 1169 498 τοῦ
1199 456 1278 510 μὲν
1300 455 1479 511 πρώτου
1500 455 1576 499 τὸν
1600 455 1741 513 φόβον

81 526 153 569 καὶ
182 523 260 580 τὴν
293 524 491 579 ἱστορίαν
521 523 747 577 μαθόντες
776 526 854 565 τοῦ
895 524 1094 579 δευτέρου
1127 523 1173 565 δὲ·
1204 522 1280 579 τὴν
1313 519 1552 566 ἀπώλειαν.
1616 518 1741 577 εἰμε-

82 595 165 644 νιῦς
195 608 242 634 τε
273 583 348 634 οὖν
381 587 512 634 αὐτόν
543 591 877 647 προσδέχεσθαι
907 590 984 647 τὴν
1016 594 1182 634 θυσίαν
1213 590 1454 646 παρεκάλει
1495 594 1569 634 καὶ
1607 590 1741 648 μηδε-

79 663 185 715 μίαν
206 655 339 716 ὀργὴν
361 658 436 701 ἐπὶ
459 658 536 715 τὴν
567 661 643 716 γῆν
673 656 833 712 ὁμοίαν
861 660 1026 713 βαλεῖν,
1059 654 1184 708 ὅπως
1215 658 1357 714 ἔργοις
1387 675 1434 700 τε
1464 667 1557 708 τοῖς
1581 654 1742 715 ταύτης

81 728 492 784 προσλιπαροῦντες
523 728 594 769 καὶ
627 726 782 776 πόλεις
819 722 1142 783 ἀναστήσαντες
1182 721 1453 780 εὐδαιμόνως
1491 725 1563 782 ζῆν
1603 725 1741 780 ἔχοιεν

79 796 152 838 καὶ
181 793 370 852 μηδενὸς
402 789 463 836 ὦν
493 795 565 837 καὶ
601 794 686 850 πρὸ
720 796 796 850 τῆς
831 793 1077 850 ἐπομβρίας
1106 789 1332 836 ἀπέλαυον
1362 791 1603 849 ’ὗστεριῦσιν
1635 790 1743 850 ἀγα-

79 864 190 914 θῶν,
223 861 287 911 εἰς
315 861 482 918 μακρὸν
514 857 656 904 αὗτιῦν
694 864 828 918 γῆρας
858 863 929 904 καὶ
968 865 1068 916 βίου
1109 863 1244 918 μῆκος
1283 856 1438 915 ὅμοιον
1468 870 1563 912 τοῖς
1591 861 1742 915 τάχιον

79 929 397 986 ἐπερχομένων.

192 1001 229 1042 8.
269 997 426 1051 Νώχου
467 998 513 1040 δὲ
552 997 714 1047 ταί-τας
752 999 1055 1053 ποιησαμένου
1092 995 1172 1046 τὰς
1212 996 1396 1046 ἱκετείας
1441 993 1463 1038 ὁ
1510 995 1620 1046 θεὸς
1664 994 1741 1038 ἐπι

80 1065 332 1122 δικαιοσύνῃ
364 1065 441 1108 τὸν
473 1062 612 1121 ἄνδρα
643 1060 828 1120 ἀγαπῶν
859 1063 1061 1106 ἐπένευεν
1101 1059 1220 1119 αὐτῷ
1256 1063 1336 1114 τὰς
1367 1060 1493 1117 εὐχὰς
1524 1063 1587 1114 εἷς
1615 1065 1740 1114 τέλος

80 1131 220 1185 ἄξειν,
263 1130 363 1176 οὔτε
401 1132 503 1184 τοὺς
542 1133 898 1189 διεφθαρμένους
930 1132 1065 1209 λέγων
1097 1127 1228 1182 αὐτὸς
1260 1127 1500 1184 ἀπολέσαι,
1532 1136 1662 1189 κακίᾳ
1693 1132 1740 1175 δὲ

78 1204 132 1258 vr]
163 1201 305 1258 οἰκεία
335 1200 496 1257 ταύτην
520 1196 678 1250 αἰτοίς
699 1197 737 1242 ἱ·
728 1208 909 1252 τοσχεῐν
939 1197 1018 1255 τὴν
1041 1198 1174 1256 δίκνν,
1199 1196 1276 1242 οῖ’-τ
1281 1195 1379 1252 ’,ἄν
1414 1199 1452 1242 εἰ
1482 1203 1740 1255 γενομένοις

80 1265 352 1324 ἀνθρώποις
383 1264 601 1326 ἀφανίσαι
633 1263 867 1323 διεγνώκει,
908 1276 1181 1324 παραγαγεῖν
1221 1262 1379 1317 αὐτοις
1418 1283 1480 1318 εις
1519 1266 1596 1311 τὸν
1626 1272 1738 1322 βίον,

79 1339 258 1393 σῶφρον
297 1352 378 1392 γαρ
425 1341 539 1379 εἰναι
579 1353 657 1391 τιν
696 1334 828 1391 αρχὴν
870 1330 1018 1385 αἰτοῖς
1056 1335 1166 1391 μηδὲ
1201 1338 1479 1391 χαρίσασθαι
1517 1333 1567 1377 τὸ
1610 1328 1739 1391 ζῆνῆ

79 1404 212 1447 δόντα
232 1405 361 1446 τοῖτο
385 1403 693 1461 διαφθείρειν·
725 1397 824 1445 ἀλλ’
847 1401 961 1453 οἷςε
944 1401 1164 1458 ἐξύβριζον
1187 1418 1249 1453 εις
1268 1401 1347 1460 τὴν
1379 1401 1484 1459 εἰιὴν
1516 1399 1741 1458 εἰσέβειαν

76 1473 150 1515 καὶ
182 1467 352 1528 ἀρετήν,
391 1471 564 1520 τούτοις
596 1469 876 1524 ἐξεβιάσαντό
916 1486 971 1524 με
1009 1469 1170 1527 ταύτην
1210 1466 1360 1520 αὐτοῖς
1401 1469 1633 1513 ἐπιθεῖναι
1662 1469 1740 1526 τὴν

78 1540 214 1596 δίκην.
258 1537 490 1592 παύσομαι
513 1538 559 1580 δὲ
579 1540 656 1581 τοῦ
688 1539 846 1581 λοιποῦ
876 1537 987 1591 μετὰ
1008 1537 1226 1595 τοσαύτης
1256 1533 1385 1593 ὀργῆς
1415 1536 1494 1588 τὰς
1524 1542 1740 1593 τιμωρίας

79 1606 156 1650 ἐπὶ
186 1615 280 1657 τοῖς
312 1601 576 1662 ἀδικήμασιν
609 1605 982 1662 εἰσπραττόμενος
1010 1608 1084 1648 καὶ
1114 1603 1229 1648 πολὺ
1267 1605 1437 1659 μᾶλλον
1479 1607 1558 1648 σοῦ
1589 1622 1739 1661 παρα-

191 1754 212 1797 §
237 1755 278 1787 97
304 1768 347 1780 =
373 1752 460 1788 Gen.
487 1751 574 1787 VIII
600 1752 654 1786 20.

189 1885 651 1922 ROMSPLELatZonaras
675 1885 694 1919 I
717 1895 753 1929 p.
773 1887 827 1919 28.

191 1947 205 1978 1
233 1941 499 1988 κεκρυμμένων
522 1941 552 1976 L
668 1939 826 1977 ἐκείνων
850 1937 1018 1983 ἔσεσθαι]
1042 1938 1216 1977 ἐκείνουσ
1240 1936 1366 1977 αὐτῶν
1390 1937 1546 1978 ἔσεσθαι
1569 1941 1633 1978 RO
1658 1939 1742 1979 τοὺ-

76 2012 168 2037 τουσ
191 2002 274 2042 (ουσ
299 2009 343 2034 ex
368 2011 421 2034 ων
445 2001 550 2040 corr.)
575 1993 730 2034 ἔσεσθαι
754 1997 963 2034 ἐκείνωνΜ
983 1994 1146 2033 τούτουσ
1170 1994 1325 2033 ἐκείνων
1350 1994 1506 2034 ἔσεσθαι
1520 1998 1574 2034 SP
1599 1993 1742 2035 αι’·τοὺσ

74 2055 233 2094 ἐκείνων
264 2052 418 2092 ἔσεσθαι
442 2054 472 2088 L
505 2058 623 2089 essent
654 2053 698 2088 ab
732 2053 806 2088 illis
828 2054 902 2089 Lat
1016 2055 1035 2087 2
1059 2054 1209 2095 κακίαν]
1240 2055 1304 2089 καὶ
1327 2055 1411 2090 λίαν
1434 2054 1475 2089 M
1589 2052 1675 2098 εἷεν,
1700 2069 1741 2092 εν

75 2113 100 2148 i.
123 2123 196 2149 ras.
220 2112 249 2147 P
349 2113 367 2145 3
393 2110 432 2147 δὲ
455 2109 527 2145 ML
626 2113 647 2144 4
672 2107 871 2147 παθόντεσ
896 2110 968 2144 ML
991 2107 1196 2154 μαθόντασ
1221 2110 1291 2145 S2P
1393 2113 1412 2145 6
1435 2109 1508 2153 ἐπὶ]
1534 2107 1587 2148 ἔτι
1610 2111 1740 2147 MSPL

74 2169 148 2206 Lat
248 2170 392 2215 βαλεῖν]
417 2169 549 2214 λαβεῖν
573 2165 772 2202 MSPLLat
892 2163 1017 2214 ἔργοις
1046 2179 1086 2203 τε
1110 2172 1191 2209 τοῖς
1215 2164 1361 2213 ταύτης]
1387 2164 1518 2214 ἔργοιο
1542 2181 1583 2203 τε
1608 2164 1742 2204 αὐτοῖσ

76 2222 214 2272 ταύτην
236 2224 301 2260 Ro
327 2236 368 2260 τε
393 2229 479 2259 τοῖσ
504 2220 633 2270 ἔργοιο
658 2220 772 2269 ταύτῃ
791 2237 808 2254 *
836 2225 952 2265 (enan.
972 2226 1007 2265 σ)
1032 2223 1072 2257 Μ
1101 2223 1179 2258 eius
1203 2223 1373 2269 operibus
1390 2223 1470 2267 Lat,
1496 2224 1592 2258 unde
1617 2220 1743 2271 ἔργοις

76 2277 113 2319 τ’
138 2277 250 2328 αὐτῆς
274 2280 367 2316 coni.
474 2282 492 2315 8
520 2273 585 2321 ὧν]
613 2273 716 2315 ὅσων
739 2278 773 2314 R
799 2272 894 2316 ὅσον
920 2278 948 2314 O
1071 2276 1148 2326 πρὸ
1175 2290 1242 2314 om.
1270 2279 1298 2314 O
1423 2275 1620 2326 α’πέλαβον
1642 2280 1740 2316 ROL

77 2333 272 2384 ἅπήλαυον
295 2335 390 2372 MSP
481 2332 701 2382 ὑστερήσειν
724 2335 819 2371 MSP
912 2338 932 2370 9
957 2331 1093 2377 αἰτῶν]
1125 2331 1242 2372 αὐτὸν
1266 2335 1337 2371 S¹L
1444 2339 1572 2383 γῆρας]
1595 2333 1742 2383 χρόνον

75 2397 198 2443 γῆρασ
221 2393 323 2430 SP¹L
442 2386 579 2437 ὅμοιον
603 2398 684 2434 τοῖς
707 2389 842 2437 τάχιον
865 2402 932 2427 om.
959 2390 1031 2428 Lat
1144 2395 1236 2434 τοῖς]
1263 2387 1396 2428 αὖτοῖσ
1419 2391 1483 2426 RO
1594 2389 1738 2438 τάχιον]

77 2499 90 2519 ι
113 2494 158 2519 ex
181 2496 213 2520 ει
236 2483 276 2517 Μ
300 2480 417 2519 πάλαι
441 2483 497 2517 ed.
522 2493 576 2527 pr.
709 2486 748 2517 10
773 2480 1033 2529 ἐπερχομένου
1057 2482 1086 2518 O
1110 2461 1312 2529 ἐπερχομέ
1323 2482 1363 2517 Μ
1386 2480 1661 2528 ἐπερχομένοισ
1685 2482 1739 2518 SP

73 2539 291 2586 peruenturi
312 2539 384 2573 Lat
415 2537 666 2585 ἐπερχομένοι
691 2539 770 2581 (sic)
803 2539 858 2574 ed.
884 2549 938 2584 pr.
1059 2542 1097 2574 11
1124 2536 1276 2585 Νώχου]
1310 2538 1430 2575 νωέου
1455 2538 1524 2574 S2p
1550 2536 1674 2575 νώεοσ
1697 2539 1739 2575 S²

76 2593 238 2642 ἐνώχου,
270 2593 289 2631 ἐ
312 2595 396 2630 add.
421 2595 626 2630 rubricator
649 2596 679 2630 L
705 2606 772 2630 noe
796 2595 868 2630 Lat
974 2593 1236 2642 ποιησάμενοσ
1261 2595 1300 2631 S¹
1416 2594 1585 2631 ὶκεσείασ
1609 2595 1649 2631 S¹

79 2688 120 2720 12
143 2683 341 2722 ἐπένευσεν
364 2683 494 2719 MSPE
587 2684 650 2726 εἰς]
675 2682 719 2720 ἐσ
742 2684 830 2720 SPE
933 2686 973 2719 13
1001 2679 1121 2721 αὖτὸσ
1144 2683 1264 2730 λέγων
1287 2686 1333 2719 tr.
1359 2684 1413 2719 SP
1512 2664 1639 2729 κακία),
1664 2699 1685 2721 ν
1708 2697 1737 2721 s.

77 2752 124 2776 m.
152 2744 168 2777 1
194 2741 325 2776 deinde
349 2740 505 2775 deletum
528 2740 569 2775 M
662 2744 703 2775 14
727 2743 772 2787 τῆ
795 2751 840 2776 ex
865 2737 932 2787 τὴν
956 2752 1047 2776 corr.
1072 2741 1112 2775 M
1204 2740 1350 2776 οἰκείαν
1374 2741 1429 2775 Μι
1524 2745 1563 2776 15
1588 2737 1739 2789 ανθρώ-

78 2809 169 2833 ποισ
192 2797 222 2832 Ο
314 2792 460 2839 αὐτοὺς]
486 2794 534 2833 ἂν
558 2792 700 2834 αὖτοὺσ
721 2797 773 2832 SP
869 2800 909 2832 16
934 2800 1104 2843 σῶφρον]
1131 2794 1356 2843 σοφώτερον
1378 2797 1501 2833 Naber
1593 2794 1738 2841 αὐτοῖσ,

78 2867 91 2887 ι
114 2863 159 2888 ex
181 2866 203 2888 v
226 2863 318 2888 corr.
343 2853 470 2888 uid.M
587 2857 627 2888 17
652 2856 780 2896 τοῦτο]
804 2851 968 2890 τούτουσ
986 2853 1114 2888 MSPL
1231 2855 1270 2887 18
1294 2851 1516 2899 ἐπιθῆναιΒ,
1539 2852 1738 2898 ἐπιθεῖναι,

79 2913 116 2944 εῖ
136 2907 161 2942 i.
177 2919 248 2944 ras.
269 2920 315 2944 m.
342 2912 362 2944 2
385 2909 414 2943 P
510 2912 550 2945 19
573 2907 668 2954 μετὰ
695 2907 880 2956 τοσαύτης
906 2904 1031 2956 ὀργῆς]
1049 2912 1139 2955 post
1162 2907 1256 2943 hanc
1280 2909 1372 2943 iram
1397 2908 1468 2945 Lat
1560 2913 1602 2946 20
1627 2908 1736 2953 πολὺ]

79 2959 198 2999 πολλὺ
222 2963 261 2998 S¹
286 2967 417 3000 πολλῶ
437 2965 468 3000 L

1775 323 1827 363 97

1773 525 1826 566 98

1728 997 1825 1039 ‘99

1776 1337 1852 1377 100

1774 1540 1847 1580 101
