2160 3439
325 186 407 225 328
750 185 913 229 ANTIQ.
939 186 1036 221 IUD.
1062 186 1095 222 V
1121 189 1299 222 180--186
1322 190 1463 231 (11123.
1487 192 1523 220 1v
1539 192 1570 232 1)

325 294 570 355 Ἀσσυρίων
598 299 819 352 βασιλέως
848 298 1044 349 πολλούς
1072 316 1121 342 τε
1141 301 1230 342 τῶν
1255 300 1637 356 παραταξαμένων
1659 296 1897 345 ἆπώλεσαν
1917 305 1991 347 καὶ

214 369 289 410 181
325 364 694 421 πολιορκουμενοι
723 364 834 407 κατὰ
864 365 1023 420 κράτος
1052 363 1294 445 ᾑρέθησαν,
1326 367 1412 411 εἶσὶ
1444 364 1486 410 δ’
1513 371 1557 411 οἳ
1588 367 1663 412 διὰ
1694 369 1837 426 φόβον
1868 368 1991 413 ἑκου-

325 436 433 482 σίως
472 427 593 488 αῦτιῦ
632 432 1000 516 προσεχώρησαν,
1040 433 1206 491 φόρους
1244 450 1293 476 τε
1321 437 1399 477 τοῦ
1438 436 1624 479 δυνατοῦ
1653 436 1858 490 μείζονας
1889 435 1990 480 ἐπι-

322 501 525 554 ταγέντες
546 498 718 543 ἐτέλουν
738 502 813 543 καὶ
835 495 982 556 ύβρεις
1003 505 1221 552 παντοίας
1240 498 1459 556 υπέμενον
1482 502 1563 554 έως
1584 503 1693 546 ἐτῶν
1715 499 1842 553 ὀκτώ,
1872 500 1983 558 μεθ’

324 584 351 607 α
381 567 469 608 τῶν
499 569 642 609 κακῶν
673 563 812 619 ου’τως
841 564 1235 626 ἠλευθερώθησαν.
2019 581 2038 613 5

212 637 291 678 182
437 637 476 676 3.
513 636 601 690 Τῆς
624 630 767 678 Ἰούδα
799 637 939 693 φυλῆς
968 652 1036 686 τις
1067 632 1335 688 Κενίαζος
1309 653 1451 691 ονομα
1482 637 1745 695 δραστήριος
1776 634 1885 695 ἀνὴρ
1914 639 1990 682 καὶ

322 699 371 742 τὸ
406 700 612 759 φρόνημα
642 712 854 758 γενναῖος,
882 704 1080 761 χρνσθὲν
1113 699 1233 760 abui]
1262 702 1321 760 μὴ
1354 707 1569 761 περιορᾶν
1601 704 1645 748 ἐν
1675 705 1856 762 τοιαύτῃ
1886 722 1990 757 τους

315 761 589 825 ’.Ισραηλίτας
621 764 782 827 ἀνάγκῃ
821 773 1046 824 κειμένους
1087 766 1187 813 ἀλλ’
1214 787 1277 822 εις
1308 771 1567 828 ἐλευθερίαν
1607 789 1764 823 αυτους
1803 771 1990 829 ἐξαιρεῖ-

322 837 436 877 σθαι
479 837 668 890 τολμᾶν,
720 837 1162 892 παρακελευσάμενος
1207 839 1603 893 συλλαμβάνεσθαι
1646 842 1735 881 τῶν
1778 840 1990 883 κινδύνων

321 896 442 958 αἰτῶ
461 903 598 956 τινάς,
631 899 775 960 ὀλίγοι
807 900 846 947 δ’
873 904 996 961 ἦσαν,
1031 904 1098 955 οἷς
1129 904 1266 956 αἰδώς
1296 905 1371 949 ἐπὶ
1393 915 1488 957 τοῖς
1507 906 1609 950 τότε
1629 909 1848 962 παροῦσιν
1869 906 1992 963 ἐτύγ-
2021 916 2060 951 1⁰

209 974 288 1015 183
315 985 421 1022 χάνε
451 971 524 1012 καὶ
555 975 793 1026 προθυιιία
822 974 1082 1028 μεταβολῆς,
1115 975 1294 1029 πρῶτον
1319 974 1399 1027 μὲν
1428 973 1507 1030 τὴν
1534 970 1644 1030 παρ’
1673 970 1824 1024 αὐτοῖς
1852 973 1988 1018 οὖσαν

320 1036 519 1094 φρουρὰν
540 1041 618 1081 τοῦ
642 1039 978 1095 Χουσαρσάθου
1003 1040 1276 1098 διαφθείρει,
1309 1044 1672 1097 προσγενομένων
1699 1041 1746 1084 δὲ
1767 1042 1988 1085 πλειόνων

319 1106 406 1146 τῶν
447 1105 859 1161 συναγωνιζομένων
898 1106 943 1150 ἐκ
977 1110 1056 1150 τοῦ
1095 1107 1152 1164 μὴ
1197 1108 1456 1163 διαμαρτεῖν
1494 1109 1685 1164 περὶτὰ
1725 1111 1882 1165 πρῶτα
1911 1111 1990 1166 τῆς

320 1170 647 1229 ἐπιχειρήσεως,
669 1173 810 1231 μάχην
840 1184 934 1225 τοῖς
963 1171 1217 1232 Ἀσσυρίοις
1249 1176 1525 1219 συνάπτουσι
1555 1177 1627 1218 καὶ
1659 1175 1775 1232 πρὸς
1798 1176 1848 1220 τὸ
1872 1193 1988 1220 παν-

318 1239 440 1290 τελὲς
478 1235 638 1291 αὐτοὺς
677 1237 969 1296 ἀπωσάμενοι
1008 1246 1316 1298 περαιοῦσθαι
1356 1243 1433 1286 τὸν
1470 1239 1707 1302 Εὐφράτην
1748 1242 1988 1298 ἐβιάζοντο.
2019 1253 2057 1286 15

209 1311 289 1352 184
319 1306 532 1359 Κενίαζος
563 1308 610 1350 δὲ
641 1305 701 1359 (ὗς
732 1309 843 1366 ἔργῳ
873 1319 1034 1364 πεῖραν
1057 1306 1191 1354 αὐτοῦ
1213 1310 1414 1361 δεδωκώς
1433 1313 1511 1367 τῆς
1533 1307 1840 1368 ἀνδραγαθίας
1859 1315 1989 1369 γέρας

318 1371 432 1431 ὗπὲρ
465 1371 598 1432 αὐτῆς
629 1376 845 1431 λαμβάνει
876 1377 1001 1434 παρὰ
1030 1380 1109 1420 τοῦ
1141 1378 1347 1435 πλήθους
1379 1374 1533 1435 άρχήν,
1576 1375 1691 1422 ὥστε
1719 1382 1882 1435 κρίνειν
1911 1378 1988 1422 τὸν

322 1441 442 1485 λαόν.
489 1444 562 1485 καὶ
596 1440 731 1499 ἄρξας
763 1440 839 1486 ἐπ’
866 1445 939 1502 ἔτη
971 1445 1300 1501 τεσσαράκοντα
1329 1449 1626 1504 καταστρέφει
1655 1445 1732 1489 τὸν
1761 1450 1874 1501 βίον.

208 1515 286 1556 185
430 1511 502 1553 IV.
538 1515 573 1552 1.
602 1511 953 1568 Τελευτήσαντος
984 1512 1031 1555 δὲ
1060 1513 1218 1556 τούτου
1248 1513 1387 1556 πάλιν
1408 1512 1462 1555 τὰ
1483 1516 1571 1556 τῶν
1587 1510 1868 1571 Ἰσραηλιτῶν
1897 1511 1986 1558 ῦπό

319 1571 531 1633 ἀναρχίας
572 1576 716 1622 ἐνόσει
755 1579 1019 1636 πράγματα,
1060 1582 1135 1623 καὶ
1164 1583 1227 1636 τῷ
1257 1579 1315 1636 μὴ
1351 1580 1425 1623 διὰ
1454 1583 1585 1635 τιμῆς
1617 1578 1737 1637 ἄγειν
1766 1581 1843 1625 τὸν
1878 1580 1990 1625 θεὸν
2019 1590 2068 1626 m.

209 1651 287 1692 186
318 1644 427 1701 μηδὲ
459 1655 553 1696 τοῖς
593 1645 746 1700 νόμοις
784 1644 1026 1691 ὑπακούειν
1065 1648 1131 1691 ἔτι
1159 1650 1329 1703 μᾶλλον
1361 1647 1588 1701 ἐκακοῦτο,
1621 1646 1681 1698 (ὃς
1710 1645 1988 1706 καταφρονή-

318 1726 456 1753 σαντα
496 1709 639 1755 αὗτιῦν
678 1716 755 1770 τῆς
795 1710 1011 1769 ἀκοσμίας
1048 1718 1125 1773 τῆς
1165 1715 1276 1758 κατὰ
1315 1715 1393 1772 τὴν
1432 1717 1665 1759 πολιτείαν
1690 1712 1880 1772 Ἐγλῶνα
1915 1715 1988 1760 τὸν

317 1783 579 1833 ΖΡΙωαβιτιῦν
617 1783 806 1835 βασιλέα
845 1782 1042 1837 πόλεμον
1083 1782 1198 1839 πρὸς
1240 1779 1401 1834 αὖτοὺς
1432 1783 1664 1840 ἐξενεγκεῖν
1694 1786 1767 1827 καὶ
1799 1785 1988 1835 πολλαῖς

316 1846 479 1900 μάχαις
511 1844 653 1890 αὐτῶν
685 1848 964 1904 κρατήσαντα
998 1852 1070 1893 καὶ
1103 1850 1206 1900 τοῦς
1246 1850 1497 1908 φρονήματι
1527 1853 1614 1894 τῶν
1653 1848 1798 1894 ἄλλων
1829 1852 1987 1909 διαφέ-

431 1982 452 2025 ς
479 1984 542 2017 180
565 2000 611 2012 =
634 1983 750 2018 Iudic.
775 1984 828 2018 111
854 1986 884 2019 s.

429 2117 895 2155 ROMSPLELatzonaraS
921 2120 937 2154 I
961 2132 996 2165 p.
1023 2122 1077 2155 84.

432 2177 445 2207 1
475 2169 679 2211 α’πώλεσαν
703 2186 770 2211 0111.
795 2176 826 2210 L
941 2179 960 2210 2
986 2172 1178 2222 ἤρέθησαν
1202 2176 1358 2212 RM¹LE
1383 2172 1577 2223 ἠρέθισαν,
1602 2192 1613 2212 ι
1638 2187 1683 2211 ex
1708 2191 1729 2223 η
1754 2187 1845 2212 corr.
1872 2177 1896 2213 S

315 2232 334 2263 4
361 2228 496 2271 *ἐτῶν]
530 2227 593 2277 ἔτη
617 2231 682 2267 RO
821 2236 841 2267 6
865 2233 888 2268 i.
914 2243 1025 2277 marg.
1053 2231 1083 2269 δ’
1107 2233 1170 2268 RO
1201 2232 1296 2268 IIII
1316 2233 1386 2268 Lat
1527 2234 1723 2277 Κενίαζος]
1748 2233 1906 2278 κε’νεζοσ
1930 2233 1985 2270 SP

313 2286 498 2330 κενέαζοσ
523 2287 574 2331 Ε,
606 2285 854 2334 γαθονόηλοσ
885 2287 1054 2334 τοῦνομα
1087 2291 1235 2334 κενίζυσ
1266 2289 1289 2324 i.
1316 2300 1428 2334 marg.
1453 2289 1484 2324 L
1514 2290 1614 2324 cem'z
1649 2289 1719 2324 Lat
1755 2290 1916 2334 Κενίζου
1947 2289 1986 2324 in

314 2343 533 2386 argumentis
649 2347 667 2378 7
694 2344 878 2390 *χρισθὲν
901 2345 940 2380 Μ
1057 2348 1075 2380 S
1100 2341 1340 2393 Ἰσραηλίτας]
1366 2345 1516 2381 hebreos
1539 2345 1612 2381 Lat
1725 2345 1867 2387 εἰς-9
1891 2343 1985 2388 ἐξαι-

316 2402 479 2444 ρεῖσθαι]
505 2399 677 2435 reducere
701 2411 763 2435 eos
787 2400 837 2435 ad
860 2401 917 2435 ius
942 2401 1118 2436 libertatis
1139 2402 1209 2436 Lat
1279 2405 1299 2436 9
1326 2399 1720 2448 παρακελευσάμενος]
1747 2413 1985 2448 παρασκευα-

314 2452 484 2498 σιὶμενοσ
508 2455 580 2490 ML
687 2460 727 2491 10
753 2454 862 2493 τινὰσ
887 2453 989 2493 αὐτῶ
1014 2456 1155 2498 (αὐτῶν
1178 2458 1224 2499 L)
1247 2461 1292 2493 tr.
1318 2457 1389 2492 ML
1493 2455 1697 2504 ἐτύγχανεν
1722 2457 1859 2494 0¹S¹P²
1882 2455 1985 2504 ἐτύγ-

311 2524 434 2556 χανον
458 2511 502 2545 P¹
611 2514 650 2546 12
677 2511 975 2560 Χουσαρσάθοι]
999 2511 1275 2560 χονσασάρθου
1300 2513 1329 2548 Ο
1352 2511 1577 2560 χονσάρθου
1601 2513 1730 2548 MSPL
1755 2512 1988 2549 chusasartlzi

314 2600 385 2636 Lat
477 2601 541 2638 *δὲ
568 2611 634 2636 om.
650 2601 715 2637 Ro
810 2605 850 2636 13
878 2606 963 2650 περὶ
989 2615 1016 2639 s.
1031 2604 1070 2639 M
1167 2607 1206 2638 14
1232 2580 1408 2649 α’(δυρίοισ
1426 2604 1450 2638 S
1546 2606 1585 2638 15
1612 2598 1761 2645 αὐτοὺς]
1787 2598 1856 2639 αὐτ
1872 2617 1888 2634 ο
1907 2617 1924 2634 ο
1945 2605 1982 2648 -Ι

246 2674 248 2677 ’
312 2657 350 2691 Μ
459 2656 627 2705 ἐφράτην
651 2658 683 2692 Ε
795 2663 835 2693 16
863 2661 1060 2704 Κενίαζος]
1085 2660 1243 2705 κένεζοσ
1267 2661 1290 2696 S
1314 2660 1479 2704 κέναζοσ
1502 2659 1530 2694 Ρ
1555 2670 1660 2694 cene:
1689 2659 1759 2693 Lat
1855 2662 1892 2694 Π
1921 2657 1984 2696 αὐ-

314 2717 388 2760 τῆς]
408 2709 525 2751 αὐτοῦ
542 2715 638 2750 ROL
714 2718 752 2750 18
778 2711 1108 2762 *τεσσαράκοντα]
1135 2714 1372 2762 πεντήκοντα
1393 2717 1468 2752 Zon
1558 2719 1596 2751 19
1614 2716 1636 2750 i.
1651 2726 1761 2758 marg.
1779 2713 1806 2751 ε’
1827 2715 1891 2750 RO

315 2773 356 2804 20
383 2773 449 2819 τῴ]
475 2768 518 2807 τὸ
537 2772 614 2806 P¹L
697 2775 733 2806 21
763 2770 972 2809 ἐκακοῦντο
998 2772 1161 2807 MSPLE
1245 2775 1286 2806 22
1311 2767 1487 2818 Ἐγλῶνα]
1513 2772 1679 2818 αι’γλῶνα
1705 2771 1794 2806 SPE
1820 2770 1981 2818 εἷ’γλωνα

313 2827 351 2862 Μ
451 2825 532 2871 τὸν]
567 2827 635 2865 τὸν
662 2831 737 2865 τῶν
761 2829 814 2863 SP
843 2832 919 2864 τῶν
942 2828 1009 2863 LE
1103 2831 1145 2862 24
1170 2823 1336 2869 *αὖτιῦν1
1363 2823 1482 2864 αὐτὸν
1506 2828 1539 2863 R
1626 2824 1769 2869 τοὺς-
1785 2828 1983 2875 διαφέρον·

315 2897 381 2924 τας
406 2895 473 2919 om.
499 2885 570 2920 Lat
680 2885 768 2927 τοὺς
793 2882 1019 2931 φρονήματι]
1046 2885 1126 2919 cod.
1152 2885 1234 2919 Vat.
1261 2885 1359 2929 apud
1385 2884 1537 2919 Hudson
1563 2891 1647 2921 τοῖσ
1673 2881 1889 2930 φρονήμασι
1915 2883 1980 2920 Ro

314 2939 399 2975 SPL
427 2946 513 2975 τοῖσ
539 2940 718 2988 φρόνημα
745 2941 783 2975 Μ
810 2939 901 2977 vobo
926 2938 1143 2987 φρονήμασι
1170 2940 1313 2986 Coccoji

2137 913 2154 948 11]

2137 1253 2154 1287 15
