2170 3475
341 273 441 309 LXX
1073 263 1267 298 Praefatio.

343 389 476 438 batur,
507 389 552 426 ut
581 394 633 423 ne
664 385 751 423 tum
783 379 953 432 quidem
985 382 1168 419 cessaret
1191 389 1333 419 eorum
1358 374 1575 429 industria,
1607 375 1678 430 qui
1699 377 1926 431 Iosephum
1958 381 1998 420 et

344 452 569 498 emendare
601 453 641 491 et
671 447 724 489 ad
755 445 912 488 ueteris
943 444 1185 486 testamenti
1214 456 1405 486 normam
1436 456 1562 496 quam
1592 443 1777 486 maxime
1806 444 1999 498 redigere

345 519 578 574 cupiebant.
631 513 744 567 quod
775 513 885 556 enim
917 513 960 554 in
983 512 1047 554 SP
1079 513 1237 553 tactum
1262 516 1353 553 erat
1383 516 1551 553 auctum
1583 515 1646 554 est
1675 511 1719 552 in
1739 511 1812 553 LV
1843 517 1885 554 et
1914 512 1998 555 alio

342 586 464 629 modo
496 584 537 625 in
559 582 762 624 Vaticano
789 583 907 623 1304.
959 581 1093 622 multa
1122 579 1249 634 igitur
1268 591 1419 633 passus
1449 584 1513 621 est
1531 578 1738 634 Iosephus
1767 592 1846 621 nec
1875 579 2001 622 facile

342 654 561 707 quisquam
583 649 662 692 erit
683 650 947 703 antiquorum
969 648 1230 702 scriptorum,
1264 646 1380 689 cuius
1401 647 1490 689 fata
1511 660 1564 689 ex
1584 646 1688 701 ipsis
1709 646 1828 688 libris
1849 646 2001 689 melius

343 732 593 772 cognoscere
613 718 835 772 possimus,
868 730 995 772 quam
1016 715 1199 770 Iosephi,
1230 719 1275 756 ut
1306 727 1356 757 eo
1383 727 1550 769 quoque
1571 715 1739 757 nomine
1760 714 2000 758 hominibus

342 785 636 831 eruditioribus
668 785 951 828 commendari
983 784 1126 839 possit.
1178 782 1302 824 simul
1333 782 1377 824 id
1408 781 1619 835 docemur,
1651 794 1777 835 quam
1799 782 1999 836 exiguum

341 856 393 898 sit
425 852 537 907 quod
566 866 642 895 nos
672 853 755 908 ipsi
787 852 1050 896 emendando
1081 850 1282 905 proficere
1314 850 1521 904 possimus
1553 855 1594 891 et
1625 862 1751 904 quam
1780 850 1914 893 omnis
1935 850 2000 894 uis

342 922 443 966 artis
474 920 660 975 reposita
689 920 741 963 sit
772 920 814 962 in
845 920 964 962 libris
995 919 1174 974 seriptis.
1235 919 1302 960 fac
1333 918 1443 960 enim
1484 917 1597 961 solos
1628 917 1794 961 codices
1826 917 1898 959 LV
1928 923 2003 961 aut

340 990 587 1032 Vaticanum
624 990 729 1029 1304
769 987 824 1030 ad
855 993 998 1031 nostra
1028 987 1199 1029 saecula
1236 991 1406 1029 seruata
1444 998 1559 1040 esse,
1601 985 1769 1038 qualem
1800 990 1897 1028 tune
1926 985 2000 1028 ha-

343 1058 532 1100 beremus
553 1055 812 1111 Iosephum'?
844 1057 937 1109 quis
968 1058 1108 1097 autem
1131 1053 1404 1097 coniectando
1426 1058 1615 1108 speraret
1638 1066 1731 1095 eum
1751 1053 1822 1096 uel
1843 1052 2002 1097 medio·

340 1126 461 1167 eriter
492 1123 653 1166 restitui
684 1122 839 1177 posse?

1120 1225 1213 1276 sci.

451 1317 569 1359 Haec
598 1315 864 1358 librariorum
897 1318 939 1356 et
968 1314 1338 1368 grammaticorum
1369 1312 1623 1355 Graecorum
1655 1326 1779 1355 curae
1811 1325 2000 1356 cessaue-

340 1391 433 1427 runt
459 1386 682 1439 postquam
705 1382 874 1438 Iosephi
896 1395 1026 1436 opera
1047 1381 1227 1436 primum
1250 1380 1363 1435 typis
1385 1393 1588 1435 expressa
1608 1385 1714 1423 sunt.
1751 1393 1800 1423 ae
1822 1380 2001 1436 primum

339 1453 475 1495 uersio
495 1451 644 1493 Latina
660 1465 687 1493 a
707 1450 941 1505 typothetis
964 1450 1079 1492 edita
1100 1455 1163 1492 est-
1178 1450 1398 1501 Augustae
1416 1448 1726 1490 Vindelicorum
1749 1462 1858 1491 anno
1883 1451 2002 1502 1470,

340 1534 447 1574 quae
479 1519 665 1562 continet
705 1518 979 1571 antiquitates
1010 1517 1224 1570 Iudaicas;
1257 1521 1402 1559 secuta
1446 1521 1509 1558 est
1546 1517 1631 1558 alia
1668 1516 1783 1558 edita
1813 1516 2002 1559 Venetiis

340 1602 462 1641 anno,
494 1588 530 1629 si
550 1587 800 1641 typothetae
821 1586 940 1639 fides,
974 1589 1076 1627 1400
1099 1599 1126 1627 a
1146 1585 1369 1639 Raynaldo
1394 1584 1708 1637 Nouimagensi,
1741 1583 1894 1627 deinde
1916 1584 2003 1627 alia

343 1657 504 1699 Veneta
536 1659 680 1697 curata
710 1655 765 1696 ab
796 1654 1015 1696 Albertino
1038 1652 1296 1695 Vercellensi
1326 1665 1436 1694 anno
1477 1654 1577 1692 1499
1611 1651 1679 1694 die
1710 1653 1762 1693 23
1794 1650 2001 1706 Octobris,

340 1725 381 1766 in
428 1737 511 1776 qua
551 1723 693 1764 insunt
731 1722 1024 1776 antiquitates,
1065 1726 1211 1763 contra
1250 1721 1457 1774 Apionem
1500 1720 1617 1773 libri,
1660 1725 1701 1762 et
1747 1719 1905 1762 bellum
1935 1721 2002 1763 Iu-

342 1792 518 1834 daicum.
569 1796 656 1832 tum
680 1789 808 1832 editio
840 1802 952 1832 noua
981 1789 1136 1844 prodiit
1157 1787 1270 1842 apud
1290 1787 1477 1830 Parisios
1508 1787 1723 1840 recognita
1753 1800 1780 1828 a
1801 1788 2002 1841 magistro

341 1861 524 1902 Robcrto
555 1858 727 1901 Goullet
765 1870 911 1900 sacrae
941 1857 1122 1911 paginae
1153 1856 1392 1910 professore
1422 1855 1628 1909 impressa
1658 1867 1683 1896 a
1713 1856 1871 1897 Ioanne
1902 1855 2002 1898 Bar-

342 1929 431 1970 bier
471 1926 705 1981 sumptibus
746 1925 1075 1978 bibliopolarum
1115 1925 1284 1967 Ioannis
1315 1923 1426 1965 Petit
1465 1928 1506 1965 et
1536 1922 1749 1964 Fraucisci
1780 1922 2002 1976 Regnault‚

343 2009 450 2038 anno
481 1994 639 2037 domini
676 1996 781 2035 1513
814 1993 901 2035 kal.
934 1993 1242 2044 decembribus,
1274 1993 1315 2032 in
1348 2004 1431 2043 qua
1461 1991 1733 2043 antiquitates
1765 2003 1858 2032 cum
1892 1990 2003 2033 bello

342 2063 513 2106 Iudaico
553 2068 593 2104 et
633 2062 753 2105 libris
783 2066 928 2103 contra
958 2061 1166 2115 Apionem
1197 2061 1350 2102 insunt.
1410 2063 1621 2113 postremo
1652 2071 1761 2100 anno
1797 2061 1901 2099 1524
1934 2071 2001 2102 ac-

344 2131 469 2174 cessit
507 2129 635 2173 editio
667 2128 922 2172 Basileensis
963 2142 988 2170 a
1019 2129 1228 2172 Frobenio
1261 2133 1405 2170 curata
1444 2127 1629 2168 omnium
1670 2131 1709 2168 et
1750 2126 2003 2168 nitidissima

343 2204 383 2242 et
423 2199 592 2253 optima.
653 2197 843 2250 reliquae
874 2196 1042 2250 Iosephi
1083 2196 1200 2237 latini
1242 2195 1468 2247 editiones,
1509 2194 1714 2248 imprimis
1746 2194 2003 2237 Basileensis

340 2267 606 2309 Frobeniana
636 2266 783 2318 altera,
816 2277 925 2317 quae
955 2277 1065 2306 anno
1102 2266 1204 2304 1534
1238 2263 1404 2318 prodiit,
1437 2275 1517 2304 non
1550 2268 1646 2303 sunt
1674 2263 1876 2315 sincerae,
1908 2275 2002 2304 cum

342 2335 473 2376 latina
505 2348 555 2376 cx
587 2333 752 2387 graecis
783 2331 1007 2375 emendata
1036 2330 1133 2373 sint.
1183 2345 1259 2373 nec
1282 2331 1456 2373 latinam
1487 2330 1722 2372 uersionem
1756 2336 2004 2373 curauerunt

344 2402 419 2444 uiri
452 2401 562 2443 docti
602 2407 828 2456 postquam
868 2399 1056 2443 eiusdem
1088 2399 1284 2441 Frobenii
1323 2397 1559 2451 sumptibus
1590 2398 1768 2451 primum
1800 2397 2004 2453 Iosephus

343 2471 502 2523 graecis
542 2474 583 2511 ct
621 2470 709 2512 suis
750 2468 902 2511 litteris
942 2466 1080 2510 editus
1119 2472 1183 2508 est
1214 2466 1408 2508 Basileae
1449 2479 1557 2507 anno
1596 2469 1696 2506 1544
1729 2466 1783 2508 ab
1815 2464 2002 2508 Arnoldo

344 2538 552 2592 Peraxylo
584 2538 757 2580 Arlenio
788 2550 871 2578 uno
912 2535 1144 2587 uolumine,
1185 2547 1266 2587 quo
1298 2534 1439 2575 omnia
1469 2534 1638 2587 losephi
1669 2533 2003 2587 continebantur,

346 2606 637 2657 antiquitatum
670 2605 766 2647 libri
798 2603 883 2645 XX
917 2617 1009 2646 cum
1043 2603 1141 2654 uita,
1175 2602 1274 2644 belli
1307 2601 1466 2642 Iudaici
1499 2601 1593 2642 libri
1618 2601 1706 2653 Vll,
1737 2600 1791 2643 de
1821 2601 2001 2653 antiqui-

345 2678 429 2714 tate
462 2679 605 2715 contra
640 2674 849 2727 Apionem
881 2672 974 2713 libri
999 2670 1040 2712 II
1072 2676 1112 2713 et
1142 2669 1275 2711 oratio
1307 2669 1347 2710 in
1376 2669 1663 2721 Maccabaeos,
1697 2681 1805 2722 quae
1832 2668 2003 2723 Iosephi

346 2753 434 2781 esse
468 2741 727 2782 credebatur.
779 2753 828 2781 ac
850 2740 1002 2793 quibus
1033 2751 1132 2780 usus
1163 2738 1216 2780 sit
1237 2737 1434 2779 Arlenius
1466 2736 1664 2778 subsidiis
1697 2736 1788 2790 ipse
1821 2736 2005 2779 breuiter

345 2809 513 2861 exponit
552 2809 592 2849 in
633 2808 895 2862 praefatione
935 2807 1035 2849 data
1075 2805 1262 2848 Venetiis
1301 2804 1357 2845 IV
1397 2818 1490 2845 non.
1532 2804 1704 2845 Martias
1743 2816 1852 2845 anno
1895 2806 2001 2844 1544

346 2879 386 2918 et
427 2876 560 2929 Diego
602 2875 788 2917 Ilurtado
826 2875 1056 2917 Mendozac
1095 2873 1234 2916 Caroli
1282 2872 1314 2913 V
1359 2872 1623 2925 imperatoris
1663 2871 1775 2926 apud
1818 2872 2002 2914 Venetos

346 2944 486 2995 legato
529 2944 745 2996 inscripta,
786 2943 902 2985 cuius
942 2942 1136 2985 utebatur
1175 2939 1370 2982 Arleuius
1408 2939 1709 2981 familiaritate.
1781 2940 2002 2982 confitetur

346 3010 471 3064 igitur
502 3025 545 3052 se
577 3024 693 3051 usum
727 3024 819 3053 csse
851 3009 996 3053 codice
1028 3008 1096 3061 qui
1131 3008 1169 3050 in
1202 3006 1432 3050 Mcudozae
1465 3006 1720 3048 bibliotheca
1742 3013 1844 3060 erat,
1877 3020 2001 3060 quem
