2060 3475
852 214 1043 249 Praefatio,
1630 215 1774 249 Lxxlx

231 328 586 371 Commentarium
610 328 795 370 criticum
829 329 885 370 ita
918 330 1144 384 composui,
1177 335 1221 370 ut
1252 330 1481 383 praemisso
1514 328 1703 371 codicum
1737 336 1777 370 ct

118 401 347 440 ceterorum
380 396 548 438 testium
582 395 717 438 indice
750 409 822 437 eos
864 403 1023 438 tantum
1057 397 1336 451 nominarem,
1378 398 1446 449 qui
1479 397 1531 438 ab
1564 397 1777 451 impressis

119 463 256 507 uerbis
289 462 559 511 dissentiunt3
593 464 737 517 paucis
770 465 894 517 locis,
928 466 996 506 ubi
1032 466 1131 507 utile
1165 466 1298 506 uisum
1331 472 1414 516 est,
1448 465 1573 508 etiam
1606 480 1772 508 consen-

116 532 267 574 tientes
301 531 567 573 nominantur
607 536 749 574 tcstes.
810 546 933 584 quem
967 533 1093 586 igitur
1123 533 1307 575 codicem
1342 533 1448 574 inter
1479 533 1774 575 dissentientes

117 612 198 641 non
231 599 384 651 rettuli,
417 612 510 640 cum
543 613 635 641 cum
670 599 748 641 bac
779 600 962 642 editione
994 601 1230 643 consentire
1262 599 1367 642 (lico.
1424 602 1566 655 paullo
1599 601 1684 643 alia
1715 607 1777 643 est

115 665 305 708 condicio
338 666 546 720 epitomae
570 668 773 709 uer-sionis
806 668 961 709 latinae
989 669 1334 722 scriptorumque,
1367 669 1437 720 qui
1459 669 1625 722 losephi
1649 669 1777 711 uerba

114 733 251 775 minus
282 739 474 775 accurate
507 734 798 781 laudauerunt,
832 749 1006 788 quorum
1039 750 1090 777 ca
1118 744 1182 777 est
1210 741 1374 790 natura,
1407 740 1450 778 ut
1480 749 1608 790 saepe
1641 750 1777 789 neque

113 814 342 844 consensus
379 815 513 854 neque
551 802 764 845 dissensus
801 808 912 845 certe
947 803 1146 844 affirmari
1183 802 1326 856 possit.
1395 809 1440 845 ut
1474 811 1613 845 tamen
1651 819 1777 857 quam

115 868 285 911 minima
326 869 380 910 sit
427 870 680 924 obscuritas,
722 887 741 908 κν.
775 871 976 913 asterisco
1015 869 1328 912 adnotamentis
1369 873 1561 925 apposito
1603 877 1778 914 testatus

113 950 205 979 sum
228 950 323 979 eum
356 937 506 991 locum,
540 938 605 979 cui
635 937 858 980 asteriscus
889 937 1099 991 praefixus
1132 942 1207 992 est,
1240 937 1281 978 in
1313 939 1497 992 epitoma
1530 953 1621 981 cum
1654 940 1778 982 editis

114 1006 360 1048 consentire.
424 1018 552 1059 saepe
593 1006 777 1047 maxime
817 1006 853 1047 si
892 1006 1032 1059 plures
1074 1005 1142 1046 uni
1175 1005 1266 1047 loco
1297 1006 1537 1060 adscriptae
1569 1013 1664 1049 sunt
1696 1008 1777 1050 dis-

114 1074 358 1128 crepantiae
390 1073 431 1113 in
463 1072 676 1127 lemmate]
709 1072 886 1126 adposui
923 1073 1053 1114 uerba
1085 1071 1281 1115 editionis
1312 1087 1445 1127 meae,
1478 1088 1652 1127 quorum
1685 1076 1778 1118 loco

113 1141 156 1183 in
179 1140 325 1183 codice
350 1154 429 1182 uno
462 1141 705 1196 pluribusne
735 1140 821 1182 alia
850 1140 1083 1194 traduntur,
1116 1140 1171 1182 ad
1193 1153 1301 1193 quae
1323 1142 1463 1184 omnia
1485 1143 1672 1185 eiusdem
1696 1144 1777 1186 loci

113 1207 418 1250 adnotamenta
447 1209 595 1251 referri
626 1209 733 1250 uolo.
785 1207 845 1250 eis
884 1221 1005 1261 uem,
1048 1221 1155 1260 quae
1185 1221 1259 1263 per
1290 1222 1335 1251 se
1367 1209 1556 1262 intellegi
1586 1216 1777 1266 possunt,

113 1276 231 1319 uelut
270 1290 362 1318 cum
393 1291 439 1317 τε
470 1282 512 1318 et
541 1271 581 1315 τ’
604 1275 742 1317 aliaue
782 1276 871 1317 eius
902 1274 1016 1318 modi
1048 1277 1279 1328 uariantur,
1316 1277 1471 1319 lemma
1500 1292 1585 1320 non
1616 1278 1776 1321 addidi.

113 1344 321 1387 interdum
361 1344 515 1386 lemma
552 1343 739 1395 sequitur
777 1356 859 1385 non
890 1342 1195 1397 discrepantia,
1236 1343 1313 1386 sed
1353 1344 1571 1388 adnotatio
1611 1347 1776 1400 aliqua;

115 1416 212 1454 tunc
243 1411 355 1452 idem
387 1410 500 1465 quod
532 1411 574 1453 in
605 1411 804 1452 lemmate
837 1414 900 1452 est
931 1410 973 1452 in
1006 1410 1152 1453 codice
1175 1424 1268 1453 esse
1290 1413 1525 1466 putandum
1548 1420 1621 1456 est.
1674 1415 1777 1456 alibi

114 1491 207 1520 cum
239 1479 381 1533 plures
413 1477 722 1532 discrepantiae
753 1478 823 1520 uni
855 1478 947 1520 loco
980 1479 1190 1532 ascriptae
1211 1485 1320 1533 sunt,
1353 1494 1497 1522 earum
1519 1482 1654 1535 prima
1676 1483 1776 1523 lem-

113 1547 238 1588 matis
269 1547 361 1588 loeo
394 1545 591 1587 habenda
612 1550 688 1587 est.
739 1545 934 1588 diuersae
957 1545 1148 1589 codicum
1170 1560 1317 1588 manus
1339 1548 1399 1589 ita
1421 1547 1644 1592 distinctae
1665 1556 1773 1604 sunt,

114 1617 160 1656 ut
180 1614 360 1665 litterae,
393 1625 502 1665 quae
525 1611 712 1655 codicem
735 1613 944 1666 designat,
976 1627 1174 1656 numerus
1195 1613 1432 1667 adponatur
1453 1614 1618 1669 (R1R2)
1650 1616 1777 1670 sim).

114 1693 264 1723 manus
295 1681 506 1733 codicum,
539 1680 619 1721 nisi
651 1680 767 1722 aliud
798 1680 980 1732 dicetur,
1020 1694 1186 1735 semper
1216 1681 1505 1736 intellegenda
1536 1688 1599 1726 est
1629 1685 1776 1738 prima.

231 1792 493 1846 Compendia
524 1793 756 1847 scripturae
788 1799 829 1835 et
858 1793 981 1846 signa
1018 1793 1215 1836 uidentur
1246 1794 1500 1848 explicanda
1529 1808 1622 1838 esse
1653 1795 1777 1839 haec:

174 1898 194 1921 κε
228 1883 453 1925 asteriscus
483 1883 526 1924 in
559 1888 676 1925 textu
707 1884 815 1924 inter
845 1883 1017 1937 Iosephi
1056 1883 1187 1926 uerba
1224 1885 1387 1938 positus
1427 1886 1619 1928 lacunam
1651 1886 1776 1939 signi-

253 1949 369 1994 ficat;
403 1950 520 1992 uncis
554 1948 599 2006 []
631 1951 795 1993 inclusa
825 1955 1022 2005 suspecta
1051 1955 1124 1993 aut
1154 1952 1298 2006 spuria
1330 1952 1537 1995 uidentur.

169 2017 211 2060 in
241 2017 350 2060 notis
381 2018 423 2059 in
454 2017 645 2060 codicum
676 2018 895 2073 scripturis
938 2026 1138 2072 punctum
1176 2019 1219 2061 in
1260 2020 1401 2062 media
1439 2021 1672 2063 litterarum
1709 2022 1779 2063 uia

253 2086 436 2139 positum
467 2085 522 2138 (-)
553 2087 738 2129 litteram
771 2099 937 2128 erasam
973 2087 1200 2140 signifieat,
1241 2088 1467 2130 asteriscus
1500 2088 1562 2142 (κν)
1593 2089 1777 2132 litteram

255 2165 427 2195 exesam
458 2159 531 2195 aut
560 2154 794 2196 abscissam
826 2158 899 2196 aut
929 2154 1016 2196 alia
1046 2154 1100 2197 de
1131 2168 1259 2197 causa
1290 2155 1528 2198 euanidam.

168 2235 217 2275 γρ
250 2220 292 2261 in
323 2220 539 2262 codicibus
569 2221 741 2264 iunctim
772 2222 973 2275 scriptum
994 2241 1050 2255 =
1069 2221 1301 2279 γράφεται,

170 2288 273 2328 coni.
296 2307 352 2320 =
373 2288 633 2331 coniecturas
664 2289 873 2344 significat
913 2303 1054 2344 meaS,
1094 2290 1176 2332 nisi
1211 2291 1320 2334 alius
1350 2296 1495 2334 auctor
1524 2292 1776 2335 nominatur.

170 2367 279 2396 corr.
297 2373 353 2387 ==
375 2356 557 2398 correxit
587 2362 818 2400 correctum
850 2361 1088 2400 correctura
1118 2357 1285 2400 similia.

170 2436 287 2463 enan.
308 2441 364 2455 =
386 2424 556 2465 euanuit
586 2424 812 2467 euanidum
842 2426 934 2468 sim.

158 2490 271 2543 fort.
295 2509 350 2522 =
370 2491 560 2533 fortasse.

171 2559 195 2597 ἰ.
219 2571 349 2610 marg.
372 2576 427 2590 =
447 2558 490 2600 in
521 2559 720 2612 margine.

171 2625 247 2667 litt.
269 2644 324 2658 =
345 2625 488 2667 littera
518 2626 685 2668 litterae
716 2627 806 2670 sim.

171 2705 275 2733 man.
307 2696 349 2735 et
378 2706 427 2733 m.
448 2712 503 2725 =
525 2707 685 2736 manus.

173 2773 248 2800 om.
269 2778 323 2792 =
344 2761 498 2802 omittit
529 2761 735 2803 omittunt.

170 2841 252 2867 ναις.
272 2846 327 2859 =
348 2840 507 2882 rasura,
538 2843 645 2869 &PH-5⁸.
665 2848 721 2861 =
742 2842 921 2872 erasum.

172 2907 253 2933 rec.
276 2913 332 2926 =
352 2907 499 2937 recens
530 2896 687 2937 recenti
718 2896 808 2938 sim.

173 2975 203 3001 s,
224 2980 278 2994 =
300 2963 606 3017 suprascripsit,
637 2963 968 3018 suprascriptum
998 2963 1091 3006 sim.
