2060 3475
839 242 1032 277 Praefatio.
1686 245 1765 279 LXI

107 357 218 412 quod
251 359 402 399 factum
435 370 527 399 esse
560 357 750 399 uidemus
782 357 858 398 V11
892 360 986 409 217,
1019 361 1192 411 283811,
1226 361 1302 398 347
1323 372 1382 412 sq.
1444 357 1625 411 denique
1658 372 1764 413 quae

107 427 194 470 eius
226 438 317 467 cum
350 425 421 466 LV
454 425 508 466 sit
538 425 781 477 similitudo,
813 439 939 479 supra
971 425 1028 480 (p.
1063 427 1112 473 12)
1146 426 1333 479 exposui.

218 493 294 534 His
325 491 548 547 disputatis
581 497 730 544 restat,
771 497 814 533 ut
845 493 896 534 dc
930 494 989 534 cis
1021 493 1236 535 codicibus
1269 493 1426 546 dicam,
1459 508 1633 546 quorum
1667 508 1764 549 pars

103 561 158 604 ad
204 565 347 603 nostra
385 561 555 602 saecula
596 561 798 614 peruenit.
859 561 964 603 inter
1003 574 1105 613 quos
1144 561 1323 614 primum
1367 562 1663 604 memorandus
1703 569 1765 605 est

104 628 405 672 Ambrosianus
427 628 515 681 (A),
547 628 587 669 in
612 641 692 679 quo
726 628 819 669 libri
853 629 1022 670 secundi
1061 642 1157 683 pars
1182 627 1390 682 posterior
1420 628 1575 670 tradita
1599 634 1662 672 est
1694 643 1764 672 ex-

104 700 248 750 cerpta
285 709 337 737 ex
375 695 518 737 codice
554 695 737 748 integro,
780 703 822 738 ut
853 696 977 738 docet
1006 696 1268 749 subscriptio.
1315 697 1349 737 is
1380 696 1565 738 eiusdem
1598 699 1765 749 generis

105 768 168 807 est
189 777 239 805 ac
261 763 445 805 MSPLV
464 762 508 816 ¹),
540 763 619 804 nisi
651 763 762 815 quod
795 768 835 805 et
868 764 955 817 ipsc
986 763 1194 817 quaedam
1228 763 1355 805 habet
1376 763 1618 818 singularia,
1650 766 1766 807 uelut

106 832 147 873 II
178 832 203 882 ἕ
234 833 314 871 214
347 830 389 871 in
423 830 515 872 loco
548 837 741 885 corrupto
783 830 945 872 addidit
985 845 1058 873 suo
1100 831 1285 886 periculo
1320 826 1583 883 ὗπερασπιῶ
1617 832 1658 873 ὸὲ
1692 835 1762 874 καὶ

102 895 224 951 ἱμῶν
264 901 306 939 et
345 900 370 947 ξ
401 900 480 937 250
521 911 663 939 uerum
705 911 795 940 csse
834 898 1000 941 uidetur
1041 898 1152 952 quod
1193 899 1306 940 solus
1340 898 1513 940 exhibet
1544 895 1603 948 ὥς
1635 902 1765 955 νῆσος

105 965 309 1016 οἰκεῖται,
357 964 468 1019 quod
509 965 679 1017 quidem
720 966 845 1007 etiam
886 966 1058 1008 Latinus
1100 966 1299 1008 habuisse
1336 964 1512 1008 uidetur.
1581 974 1764 1010 ceterum

102 1034 294 1088 proxime
324 1033 379 1074 ad
410 1033 450 1073 M
482 1033 683 1074 accedere
705 1034 824 1085 solet,
857 1034 971 1076 uelut
1000 1036 1025 1084 ξ
1048 1037 1126 1074 214
1160 1037 1327 1088 praeter
1355 1033 1764 1087 interpolamentum,

104 1101 157 1143 de
191 1113 274 1154 quo
306 1099 430 1142 modo
453 1100 555 1153 dixi,
587 1100 697 1141 idem
731 1101 844 1153 quod
869 1101 946 1142 ML
977 1101 1117 1144 habet.
1179 1114 1254 1143 nec
1286 1101 1420 1142 rarius
1453 1103 1553 1144 facit
1585 1116 1677 1145 cum
1701 1103 1765 1146 SP

103 1170 291 1211 alteroue
317 1181 470 1220 eorum,
504 1167 654 1220 quibus
676 1168 882 1210 interdum
907 1169 1149 1221 adiungitur
1170 1169 1215 1210 L.
1267 1169 1409 1220 itaque
1430 1169 1455 1219 ἓ
1478 1172 1556 1211 322
1581 1165 1766 1226 ἀπάγων

105 1227 180 1278 οἶν
212 1236 315 1278 SPA
349 1235 522 1287 habent,
564 1248 672 1288 quae
703 1237 941 1278 coniectura
977 1242 1039 1277 est
1070 1250 1143 1290 pro
1176 1233 1398 1277 ὁπωσοῦν.
1460 1235 1598 1277 eidem
1628 1238 1653 1288 ἕ
1685 1239 1765 1279 318

105 1302 218 1358 πρὸς
255 1302 429 1351 τούτοις
468 1303 537 1343 καὶ
582 1305 713 1344 πέντε
753 1303 970 1352 ἔνιαι-τοῖς
1008 1304 1209 1345 exhibent
1249 1317 1323 1358 pro
1364 1301 1477 1356 πρὸς
1514 1311 1608 1352 τοῖς
1640 1303 1766 1345 δεκα-

106 1375 259 1422 steht&
301 1372 327 1422 ξ
358 1373 436 1410 275
479 1369 632 1419 δοθεὶς
671 1385 746 1424 pro
787 1371 1022 1427 δεηθείσης
1065 1376 1127 1413 est
1166 1371 1206 1412 in
1246 1372 1407 1423 sPLA3
1456 1371 1582 1412 etiam
1624 1372 1649 1423 ξ
1685 1374 1765 1412 225

105 1439 281 1484 eandem
322 1438 599 1491 corruptelam
639 1438 766 1481 habet
804 1442 838 1480 A
872 1452 921 1482 ac
952 1439 1017 1481 SP
1057 1439 1200 1494 paullo
1239 1439 1364 1481 aliter
1394 1439 1609 1480 intrusam.
1670 1440 1767 1482 aliis

104 1507 207 1550 locis
239 1519 332 1548 cum
364 1504 393 1546 S
424 1505 514 1547 solo
548 1506 791 1549 coniunctus
823 1511 900 1560 est,
932 1510 977 1548 ut
1007 1509 1032 1559 ξ
1051 1509 1130 1547 225
1161 1511 1259 1548 ante
1291 1514 1384 1555 τοῖς
1414 1508 1661 1560 γινομένοις
1691 1506 1764 1548 ad-

104 1575 208 1616 dunt
228 1572 329 1614 τότε
350 1573 432 1625 SA,
466 1577 507 1614 et
529 1586 636 1625 quae
658 1575 683 1625 ξ
704 1575 785 1615 216
807 1574 961 1616 omittit
981 1575 1017 1615 A
1041 1577 1114 1615 σοί
1134 1589 1180 1615 τε
1201 1574 1273 1615 καὶ
1296 1582 1389 1623 τοῖς
1412 1572 1455 1614 ἐκ
1478 1575 1557 1615 σοῦ
1587 1588 1766 1630 γενησο-

103 1645 265 1696 μένοις,
298 1654 348 1683 ea
378 1641 504 1682 etiam
537 1640 578 1681 in
601 1640 630 1683 S
653 1642 752 1683 olim
779 1641 966 1696 deerant,
998 1655 1108 1684 nunc
1138 1642 1179 1683 in
1211 1641 1399 1695 margine
1429 1642 1624 1695 suppleta
1655 1647 1766 1684 sunt.

218 1709 458 1761 Sequuntur
497 1713 698 1762 excerpta
727 1709 995 1750 Peiresciana
1026 1708 1175 1762 (Eoec.)
1217 1708 1270 1751 de
1302 1708 1526 1751 uirtutibus
1567 1715 1607 1751 et
1636 1710 1764 1764 uitiis,

105 1778 353 1833 quibuscum
385 1775 590 1828 coniungo
622 1775 817 1829 Suidam,
865 1775 935 1829 qui
976 1789 1085 1829 quae
1126 1791 1178 1819 ex
1210 1776 1391 1831 Iosepho
1432 1776 1571 1818 adfert
1609 1791 1661 1820 ex
1702 1778 1766 1820 his

104 1845 283 1897 aliisque
306 1847 598 1897 excerptorum
620 1842 1060 1886 Constantinianorum
1090 1845 1282 1899 partibus
1303 1845 1494 1899 sumpsit.
1544 1859 1594 1888 ae
1616 1844 1764 1899 codex,

102 1925 185 1966 quo
225 1913 491 1964 excerptores
530 1911 594 1952 usi
631 1915 747 1965 sunt,
794 1924 847 1953 ex
877 1924 1032 1965 genere
1072 1917 1162 1954 erat
1201 1912 1420 1955 deteriore.
1476 1911 1520 1954 id
1551 1913 1664 1966 quod
1695 1913 1767 1956 de-

102 1983 356 2022 monstratur
385 1978 570 2020 maxime
600 1978 697 2020 libri
728 1979 808 2020 VII
837 1978 920 2022 fine
950 1979 994 2032 (ξ
1026 1981 1139 2033 310),
1171 1992 1294 2034 quem
1325 1980 1462 2022 locum
1494 1986 1536 2023 et
1567 1987 1767 2036 excerpta

102 2052 145 2090 et
166 2046 320 2090 Suidas
353 2046 483 2088 talem
506 2046 688 2099 tradunt,
721 2047 858 2099 qualis
881 2048 1006 2090 estin
1028 2047 1259 2090 MSPLLat
1287 2061 1380 2089 cum
1401 2048 1448 2089 E.
1465 2048 1498 2101 2)
1549 2048 1659 2091 inter
1689 2049 1766 2092 hos

101 2120 242 2157 autem
283 2113 387 2155 nulli
426 2116 512 2155 tam
557 2114 713 2156 similia
757 2117 853 2155 sunt
897 2119 1098 2168 excerpta
1141 2128 1267 2168 quam
1304 2116 1539 2169 Marciano,
1586 2128 1764 2169 quocum

103 2183 349 2238 plerumque
381 2181 656 2238 consentiunt.
708 2183 823 2224 uelut
853 2182 897 2224 II
919 2185 970 2223 79
1001 2182 1331 2239 μημελήσαντες
1361 2183 1520 2225 habent
1551 2197 1604 2226 ex
1634 2199 1766 2239 τημε-

102 2249 313 2305 λήσαντες
353 2251 592 2302 corruptum
623 2249 769 2293 MEXO.
817 2249 896 2291 VH
928 2252 980 2291 89
1011 2263 1064 2292 ex
1097 2249 1285 2304 λάγανον
1315 2249 1574 2306 τηγανιστόν
1604 2252 1647 2292 in
1677 2251 1768 2293 EXC

101 2318 259 2360 factum
291 2320 354 2359 est
387 2315 662 2370 λαγανιστόν,
694 2317 806 2360 unde
828 2317 963 2372 magis
993 2322 1232 2373 corruptum
1264 2317 1478 2373 λάγχανον
1502 2317 1634 2359 ἱστιᾶν
1660 2318 1702 2361 in
1723 2319 1765 2360 M

102 2390 178 2428 est.
238 2384 394 2426 V1192
425 2385 496 2425 καὶ
531 2383 702 2440 φράσαι
731 2383 1016 2434 κελεύσαντος
1046 2386 1169 2427 abest
1195 2386 1250 2428 ab
1280 2386 1428 2439 MExe,
1461 2399 1590 2438 quare
1611 2386 1654 2427 in
1675 2386 1766 2429 Exc

103 2466 157 2495 ne
187 2451 399 2494 sententia
429 2453 667 2495 concideret
699 2451 841 2494 εἰπεῖν
871 2452 1062 2494 additum
1095 2456 1170 2495 est.
1221 2453 1324 2495 VIII
1358 2456 1434 2494 173
1467 2466 1607 2495 errore
1638 2453 1764 2495 libra-

101 2520 258 2563 riorum
290 2518 440 2561 eadem
471 2520 603 2562 uerba
632 2520 789 2562 omissa
818 2525 914 2562 sunt
942 2521 985 2562 in
1016 2521 1106 2563 Exe
1136 2525 1264 2575 atque
1294 2521 1336 2563 in
1365 2521 1419 2562 M.
1470 2525 1514 2562 at
1545 2532 1639 2562 raro
1671 2533 1766 2562 cum

103 2586 169 2630 SP
199 2586 301 2630 solis
332 2587 422 2628 Exe
456 2587 626 2641 faciunt,
657 2586 702 2628 id
733 2587 845 2640 quod
875 2587 1028 2630 accidit
1058 2588 1162 2630 VIII
1187 2590 1263 2629 192
1295 2589 1353 2643 (p.
1377 2590 1470 2642 218,
1499 2587 1586 2642 14);
1619 2589 1764 2642 paullo

101 2667 200 2697 uero
239 2654 409 2708 saepius
441 2668 535 2697 eum
566 2654 638 2697 ΒΟ
678 2660 751 2696 aut
779 2654 880 2697 solis
919 2659 992 2697 aut
1021 2669 1116 2698 cum
1146 2656 1189 2698 M
1220 2655 1451 2698 coniunctis
1488 2657 1764 2712 consentiunt,

101 2721 217 2764 uelut
246 2721 311 2762 IX
343 2723 419 2762 221
462 2726 508 2764 ut
537 2721 739 2765 ROMLat
777 2722 973 2764 omittunt
1012 2723 1085 2764 καὶ
1126 2717 1330 2777 ἀρτῆρας.
1391 2723 1494 2764 VIII
1529 2725 1577 2766 18
1608 2724 1763 2778 partim

102 2800 197 2830 eum
218 2787 291 2831 RO
313 2789 555 2832 consociata
585 2794 683 2832 sunt
703 2790 854 2844 partim
878 2803 970 2832 cum
990 2790 1114 2843 MSP,
1144 2790 1357 2844 similique
1379 2790 1540 2833 ratione
1561 2791 1661 2833 VIII
1682 2794 1763 2833 245

221 2944 251 2983 1)
276 2943 488 2986 quibuscum
511 2945 548 2979 Π
566 2947 629 2979 250
656 2949 705 2989 (p.
724 2948 846 2989 13ss,4)
871 2942 1092 2991 πλημμύρας
1116 2945 1237 2988 habet,
1262 2956 1334 2980 non
1360 2955 1442 2980 cum
1460 2946 1523 2981 Ro
1548 2944 1762 2993 πληθώρας.

219 3000 251 3038 2)
277 2998 372 3033 cf.X
400 3003 460 3034 189
485 3004 709 3045 (p.371,11),
734 3001 796 3036 ubi
822 3012 901 3036 cum
927 3001 1059 3036 eisdem
1076 3005 1158 3046 post
1183 3002 1373 3037 παίδετσιν
1390 3002 1492 3037 addit
1515 3000 1760 3049 γραμμάτων.
