2060 3475
807 242 987 276 Praefatio
1616 240 1733 275 XLIX

80 363 156 403 λέα
186 361 254 400 καὶ
283 355 493 413 Ἀράβων.
528 356 638 410 quod
671 357 772 409 quid
795 357 874 398 sihi
900 358 995 399 uelit
1020 371 1071 397 ex
1095 356 1309 399 Herodoto
1331 355 1625 410 explicandum
1657 362 1734 407 est,

77 426 187 482 apud
209 439 331 479 quem
355 426 412 479 (11
438 429 541 477 141),
573 425 739 477 qualem
763 438 869 466 nune
893 424 1108 478 habemus,
1140 429 1255 466 extat
1278 419 1578 477 Σαιίιχάριβον
1604 427 1733 476 Ιοόισι-

78 497 152 537 λέα
174 489 391 547 Ἀραρίἰιιν
422 494 558 533 τεκαὶ
586 490 840 545 Liuor-olon:
876 498 917 533 ut
949 491 1129 534 dubitari
1162 505 1241 533 non
1275 492 1418 546 possit,
1450 491 1549 544 quin
1574 491 1732 533 librarii

76 562 278 606 Herodoti
320 560 505 603 codicem
549 561 701 601 nostris
741 560 920 601 similem
962 559 1193 601 euoluerint
1237 565 1276 600 et
1319 572 1371 600 cx
1421 573 1468 601 eo
1510 559 1732 614 Iosephum

77 629 352 680 eorrexerint;
385 631 495 670 recte
531 628 639 670 enim
665 628 962 669 intellexerunt
985 628 1151 681 losephi
1185 626 1315 668 uerba
1345 640 1453 679 quae
1485 626 1524 667 in
1549 626 1734 668 ROMSP

77 699 265 740 feruntur
303 696 356 738 ad
400 695 600 738 Herodoti
647 696 782 736 locum
826 710 906 736 non
948 709 1039 737 esse
1079 693 1417 746 accommodata,
1466 708 1558 736 cum
1600 694 1734 736 solum

77 764 263 808 Arabum
296 777 368 806 rex
402 763 564 806 dicatur
595 763 907 805 Sanaeharihus
939 763 1053 805 nulla
1085 762 1243 803 ratione
1276 761 1421 802 habita
1453 762 1732 815 Assyriorum.

77 831 346 874 nihilominus
379 831 481 873 hacc
514 844 680 883 quoque
712 835 947 873 correctura
979 843 1059 871 non
1091 835 1152 870 est
1184 828 1377 881 ferenda,
1415 829 1593 882 primum
1625 830 1735 871 enim

78 900 217 942 obstat
256 897 444 940 codicum
487 899 704 939 meliorum
747 898 994 950 auctoritas,
1035 895 1187 938 deinde
1220 896 1421 950 Iosephus
1461 896 1531 937 uix
1572 900 1736 950 poterat

78 965 338 1009 Herodotum
372 966 521 1008 erroris
559 966 821 1017 insimulare,
860 965 894 1007 si
927 964 1039 1018 apud
1071 978 1164 1006 eum
1196 964 1451 1017 repperisset
1487 977 1595 1016 quae
1627 977 1734 1005 nunc

78 1034 119 1076 in
151 1034 242 1076 eius
264 1033 479 1075 codicibus
501 1036 645 1074 extant
675 1033 861 1085 βασιλέα
891 1028 1108 1086 Ἀραβιίον
1139 1047 1183 1073 τε
1216 1032 1286 1072 καὶ
1305 1026 1559 1084 Ἀσσυρίων.
1610 1032 1737 1073 immo

80 1115 129 1144 eo
161 1101 435 1156 impellimur,
477 1104 520 1140 ut
561 1101 615 1141 ab
648 1099 861 1142 Herodoto
903 1101 1069 1153 qualem
1100 1099 1304 1154 Iosephus
1344 1099 1490 1141 habuit
1521 1100 1651 1142 uerba
1690 1115 1733 1140 τε

79 1169 149 1210 καὶ
181 1164 423 1220 Hom-olom
463 1168 617 1209 afuisse
658 1168 898 1221 credamus;
947 1182 1082 1221 neque
1115 1181 1192 1221 ego
1228 1166 1396 1219 quidem
1429 1166 1594 1219 dubito,
1638 1167 1737 1221 quin

81 1235 263 1278 insiticia
295 1235 377 1277 sint
408 1239 449 1278 et
471 1250 522 1278 ex
545 1249 754 1277 sacrorum
784 1236 982 1277 librorum
1006 1235 1254 1278 auctoritate
1278 1234 1492 1276 Herodoto
1523 1234 1736 1287 intrusa.¹)

80 1303 206 1357 igitur
249 1304 288 1344 in
331 1303 401 1344 LV
440 1304 667 1357 perfectum
702 1302 1013 1355 quodammodo
1055 1308 1138 1355 est,
1185 1302 1296 1357 quod
1334 1302 1375 1343 in
1414 1301 1480 1343 SP
1511 1306 1738 1356 coeperunt

82 1374 357 1423 correctores3
391 1376 431 1413 et
463 1371 520 1411 ita
552 1370 647 1412 aliis
670 1384 834 1424 quoque
858 1371 961 1413 loeis
983 1384 1048 1413 res
1071 1376 1147 1424 est,
1179 1375 1224 1412 ut
1253 1369 1597 1423 interpolationes
1630 1381 1738 1422 quae

81 1438 123 1480 in
155 1438 219 1480 SP
259 1443 355 1480 sunt
393 1438 519 1480 etiam
560 1439 601 1479 in
634 1439 705 1480 LV
737 1443 877 1481 extent
893 1438 926 1490 2)
962 1438 1056 1479 aliis
1094 1441 1314 1492 praeterea
1351 1435 1654 1491 superadditis,
1695 1434 1739 1478 id

82 1505 195 1558 quod
226 1518 334 1547 nune
365 1518 479 1547 more
510 1509 650 1547 nostro
691 1507 836 1560 paucis
875 1505 1080 1560 exemplis
1119 1505 1395 1547 illustremus:
1426 1505 1444 1545 I
1476 1506 1576 1558 253,
1616 1516 1740 1556 quem

80 1573 218 1615 locum
258 1585 384 1626 supra
421 1573 673 1625 memor-aui,
710 1573 752 1614 in
783 1572 900 1615 ROM
940 1577 1003 1614 est
1042 1570 1286 1622 πολιτεύει,
1327 1570 1440 1614 idem
1479 1570 1522 1612 in
1554 1570 1583 1613 S
1624 1576 1664 1613 et
1698 1571 1741 1613 in

82 1641 270 1693 margine
309 1639 567 1694 adscriptum
608 1638 743 1691 αἰτεῖ,
783 1641 824 1682 in
856 1641 887 1682 P
930 1638 1044 1681 αἰτεῖ
1084 1637 1329 1689 πολιτεύει,
1368 1639 1410 1680 in
1441 1639 1474 1679 L
1517 1636 1631 1679 αἰτεῖ
1667 1639 1739 1680 καὶ

84 1707 334 1759 πολιτεύει,·
364 1708 419 1749 IV
448 1711 521 1747 134
553 1707 595 1749 in
624 1707 690 1750 SP
723 1703 972 1762 ἀποροῦσαι
1005 1712 1122 1748 extat
1151 1706 1448 1760 interpolatum
1479 1718 1553 1760 pro
1587 1704 1740 1759 πόρον,

84 1776 220 1819 simile
253 1770 533 1830 ἆπορούσαισ
563 1775 605 1816 in
636 1775 688 1828 L;
725 1774 765 1815 X
799 1777 850 1815 94
891 1774 1037 1816 itidem
1069 1787 1163 1816 eum
1193 1774 1226 1815 P
1266 1774 1307 1815 in
1338 1773 1410 1815 LV
1441 1778 1505 1815 est
1531 1775 1741 1827 γενέσθαι

85 1846 240 1886 factum
271 1842 377 1885 illud
408 1856 460 1885 ex
491 1843 705 1897 ποιῆσαις
744 1842 786 1883 Χ
810 1846 860 1883 53
892 1842 963 1884 LV
985 1855 1078 1884 eum
1101 1842 1166 1884 SP
1197 1841 1400 1884 exhibent
1429 1841 1500 1882 καὶ
1531 1838 1610 1890 τὰς
1640 1837 1743 1883 ὅλο-

84 1909 324 1959 nat-vadosas·
362 1904 495 1950 αὐτοῦ
525 1911 588 1964 τῷ
617 1911 755 1964 βωμῷ
793 1909 876 1952 alio
899 1910 1046 1953 ordine
1073 1922 1123 1952 ae
1145 1907 1273 1951 ROM.
1324 1908 1482 1951 ibidem
1513 1912 1537 1959 ξ
1561 1911 1607 1949 51
1643 1907 1744 1950 τού-

83 1994 171 2020 των
201 1978 354 2031 SPLV,
384 1978 471 2019 τιῦν
507 1976 697 2031 πρώτων
728 1977 858 2029 ROM,
892 1977 1004 2031 quod
1034 1978 1076 2019 in
1107 1976 1296 2030 margine
1325 1977 1359 2018 L
1390 1976 1531 2019 habet.
1581 1976 1623 2018 in
1654 1976 1743 2020 Solo

83 2047 118 2089 L
148 2045 221 2088 lib.
242 2045 261 2086 I
285 2048 336 2086 49
367 2044 424 2100 (p.
451 2048 512 2088 12.
536 2045 609 2099 20)
638 2041 869 2100 τριβόλους
898 2045 977 2099 μὲν
1008 2043 1215 2099 παρέξειν
1246 2057 1299 2086 ex
1321 2043 1476 2087 Genesi
1507 2044 1568 2086 ΠΙ
1599 2046 1650 2086 18
1681 2057 1743 2087 re-

85 2117 249 2168 ceptum
274 2117 348 2166 est,
380 2126 473 2155 cum
495 2113 621 2156 ceteri
644 2126 790 2156 omnes
820 2111 875 2154 τὰ
906 2112 984 2167 μὲν
1015 2110 1224 2165 παρέξειν
1245 2112 1485 2154 exhibeant.
1536 2111 1622 2154 alia
1643 2125 1743 2154 uero

85 2182 218 2223 multa
238 2181 311 2223 LV
332 2194 425 2223 eum
447 2180 521 2240 ΒΟ
543 2182 781 2223 communia
802 2181 959 2224 habere
988 2181 1074 2223 iam
1095 2192 1223 2234 supra
1252 2179 1362 2233 dixi,
1393 2179 1510 2222 uelut
1540 2193 1589 2222 eo
1620 2192 1744 2232 quem

85 2248 211 2291 modo
242 2248 473 2290 memoraui
503 2248 595 2291 loeo
626 2248 668 2289 X
698 2250 724 2300 ξ
756 2252 804 2289 51
839 2253 1010 2304 propter
1039 2247 1408 2290 homoeoteleuton
1446 2251 1541 2302 post
1575 2245 1745 2300 χριόμε-

87 2331 160 2366 νος
190 2316 348 2358 omissa
377 2319 471 2358 sunt
500 2316 574 2357 καὶ
603 2317 656 2371 τί
686 2318 775 2358 τῶν
805 2318 1114 2372 πρεσβυτέριον
1145 2313 1419 2368 πειθόμενος
1448 2319 1494 2357 ut
1523 2314 1566 2356 in
1588 2312 1660 2356 Ro
1686 2313 1746 2356 sic

86 2384 129 2426 in
161 2384 245 2437 LV,
286 2397 394 2437 quae
425 2397 554 2426 eausa
584 2384 662 2426 fuit
690 2385 919 2436 Vaticano,
949 2388 994 2426 ut
1025 2387 1164 2426 cetera
1194 2382 1255 2425 sie
1283 2381 1577 2437 interpolaret:
1608 2381 1746 2422 ταῦτα

88 2446 131 2493 δ’
168 2450 358 2507 ἔπραττε
398 2446 480 2506 [οὗ]
521 2454 662 2507 σοφίᾳ
698 2452 771 2494 καὶ
812 2450 991 2507 ἐπινοίᾳ
1025 2451 1102 2506 τῆς
1141 2448 1316 2505 φύσεως
1349 2447 1590 2505 χριόμενος,
1639 2462 1747 2501 συμ-

87 2519 246 2575 βουλία
277 2517 353 2575 [δὲ]
384 2519 457 2561 καὶ
488 2518 750 2574 παραδόσει,
782 2520 938 2563 additis
968 2519 1029 2562 eis
1052 2531 1157 2571 quas
1178 2518 1296 2560 uncis
1316 2517 1478 2560 inclusi.
1537 2515 1623 2557 alia
1652 2528 1747 2557 eum

89 2585 163 2628 ΒΟ
194 2587 335 2629 omisit
363 2588 397 2629 L
426 2587 447 2628 I
476 2588 526 2639 ἓξ
564 2590 652 2641 130,
675 2590 755 2628 255
772 2601 834 2642 sq.
894 2601 972 2631 nee
1002 2599 1138 2641 pauca
1175 2590 1272 2628 sunt
1308 2584 1474 2638 singula
1515 2582 1664 2636 uerba,
1704 2582 1747 2624 in

91 2654 242 2708 quibus
280 2655 314 2696 L
352 2657 425 2696 aut
464 2655 536 2696 LV
579 2668 672 2697 cum
703 2655 778 2698 ΒΟ
818 2655 1100 2707 consentiant,
1138 2652 1254 2695 uelut
1289 2651 1347 2693 IV
1391 2654 1468 2692 114
1507 2650 1675 2705 egregie
1713 2651 1748 2692 L

91 2734 185 2763 eum
210 2721 322 2764 ROE
354 2727 397 2764 et
417 2722 566 2764 Latino
598 2720 707 2772 λεώς
736 2722 906 2765 tradunt
935 2735 1016 2764 non
1048 2735 1141 2764 eum
1162 2719 1273 2762 MSP
1305 2718 1351 2760 δὲ
1382 2714 1452 2769 (ὃς,
1485 2716 1598 2770 quod
1627 2717 1749 2760 nihili

92 2793 168 2832 est.
234 2789 460 2832 tenendum
491 2803 590 2832 uero
622 2795 686 2832 est
716 2790 805 2833 eius
836 2790 908 2832 LV
939 2801 1032 2832 esse
1064 2787 1254 2831 codicum
1284 2786 1470 2840 generis,
1508 2785 1624 2828 euius
1653 2789 1750 2828 sunt

166 2884 169 2889 ’
208 2891 239 2931 1)
261 2889 299 2924 id
324 2890 419 2935 quod
443 2890 514 2924 iam
540 2889 696 2924 Beekius
721 2889 907 2935 perspexit
939 2889 983 2923 de
1015 2888 1121 2932 gloss.
1147 2886 1226 2922 erit.
1253 2889 1390 2930 quaest.
1416 2886 1451 2920 II
1475 2897 1508 2930 p.
1536 2884 1610 2929 9f.,
1645 2895 1748 2929 quem

93 2945 270 2980 Baehrius
295 2947 342 2980 ad
366 2945 540 2981 Herodoti
565 2946 588 2980 l.
602 2946 626 2980 1.
642 2946 774 2990 adfert,
800 2946 862 2981 sed
887 2956 954 2981 nee
978 2945 1057 2989 ipse
1082 2944 1224 2978 curauit
1247 2953 1313 2977 nec
1339 2942 1401 2977 alii
1425 2942 1592 2977 editores.

209 3003 242 3043 2)
266 3012 339 3036 non
364 3005 483 3037 tamen
510 3012 650 3046 omnes,
687 3003 788 3037 uelut
815 3002 832 3035 Ι
858 3004 922 3036 258
950 3011 1023 3036 non
1052 2999 1198 3035 exhibet
1222 2998 1251 3032 L
1278 3008 1368 3043 quae
1392 2998 1658 3043 interpolarunt
1682 2997 1748 3032 SP.

159 3067 299 3101 Iosephus
318 3069 338 3095 Ι.
1448 3054 1480 3088 D
