2091 3418
592 226 753 271 ANTIQ.
780 226 875 262 IUD.
903 227 933 262 v
960 228 1137 261 143—149
1161 227 1199 267 (ιι
1215 230 1247 266 s,
1670 221 1747 259 321

86 338 358 399 εὐπρέπειαν
389 339 715 394 θαυμάσαντες,
749 339 847 382 ἐπεὶ
880 338 1003 394 παρὰ
1024 340 1086 394 τῷ
1109 337 1330 393 πρεσβύτῃ
1354 339 1621 393 κατηγμένην
1643 335 1752 389 ἔμα-

87 413 174 453 θον
205 407 618 465 καταφρονήσαντες
656 410 733 462 τῆς
765 403 1004 456 ἀσθενείας
1041 408 1113 448 καὶ
1144 408 1221 461 τῆς
1257 401 1511 460 ὀλιγότητος
1544 400 1642 459 ῆκον
1675 402 1751 446 ἐπὶ
1807 406 1810 409 ’

87 476 167 527 τὰς
197 475 353 530 θύρας.
413 476 490 516 τοῦ
523 474 570 516 δὲ
603 473 851 528 πρεσβύτου
883 475 1244 528 παρακαλοῖντος
1276 467 1647 513 ἀπαλλάττεσθαι
1680 471 1750 512 καὶ

87 543 146 600 μὴ
180 545 453 600 προσφέρειν
482 545 586 597 βίαν
615 542 724 598 μηδὲ·
748 538 871 597 ὕβριν
891 537 1042 598 ἠξίουν
1068 536 1202 582 αὐτὸν
1225 538 1511 594 παρασχόντα
1533 537 1609 595 την
1633 538 1756 594 ξένην

39 618 59 650 5
88 610 361 668 πραγμάτων
400 605 704 666 ἀπηλλάχθαι.
775 611 952 664 συγγενῆ
999 607 1045 649 δὲ
1091 608 1291 661 λέγοντος
1335 608 1407 648 καὶ
1445 610 1632 648 Λευῖτιν
1678 606 1755 647 τοῦ
1790 609 1867 648 141

90 677 338 734 πρεσβύτου
377 678 449 720 καὶ
490 676 669 730 δράσειν
708 672 866 726 αὐτοὺς
904 674 1026 718 δεινὰ
1069 671 1146 731 ὕφ’
1177 671 1332 730 ἡδονῆς
1373 672 1436 722 εἰς
1465 671 1567 721 τοὺς
1599 672 1758 726 νόμους

91 745 471 801 ἐξαμαρτάνοντας
502 740 755 800 ὠλιγώρουν
785 746 862 786 τοῦ
895 743 1066 785 δικαίου
1097 742 1168 783 καὶ
1191 741 1444 796 κατεγέλων,
1477 736 1688 795 ἠπείλουν
1711 740 1757 782 δὲ

92 809 370 856 ἀποκτείνειν
417 808 548 855 αὐτὸν
595 811 890 866 ἐμποδίζοντα
931 818 1029 859 ταῖς
1074 807 1342 862 ἐπιθυμίαις
1381 802 1537 850 αὐτῶν.
1607 807 1671 857 εἰς
1713 802 1753 849 δ’
1794 812 1871 851 145

93 877 282 938 ἀνάγκην
328 882 618 935 περιηγμένος
662 881 732 921 καὶ
780 877 837 934 μή
884 876 1153 931 βουλόμενος
1197 874 1300 925 τοὺς
1351 874 1498 925 ξένους
1543 874 1760 929 περιιδεῖν

24 953 61 988 10
91 944 387 1004 ὑβρισθέντας
416 949 494 1003 τῆς
525 945 682 988 ἑαυτοῦ
714 944 936 1001 θυγατρὸς
967 940 1117 994 αὐτοῖς
1148 941 1408 997 παρεχώρει,
1441 941 1693 999 πληρώσειν
1715 957 1761 984 τε

91 1014 170 1072 τὴν
202 1013 452 1067 ἐπιθυμίαν
485 1009 642 1063 αὐτοὺς
674 1014 809 1068 λέγων
837 1011 1137 1066 νομιμώτερον
1170 1010 1269 1064 δίχα
1290 1013 1368 1066 τῆς
1399 1009 1462 1060 εἷς
1482 1008 1584 1060 τους
1616 1009 1762 1059 ξένους

91 1077 258 1138 ὕβρεως
299 1076 431 1131 αὗτός
460 1097 508 1123 τε
544 1080 679 1138 μηδὲν
711 1077 936 1136 ἀδικήσειν
968 1077 1042 1128 οὓς
1072 1075 1315 1128 ὑπεδέξατο
1343 1077 1484 1133 τούτῳ
1514 1079 1578 1132 τῷ
1607 1076 1763 1132 τρόπῳ

94 1149 296 1204 νομίζων.
357 1146 416 1199 (ὗς
449 1144 489 1190 δ’
517 1144 643 1190 οὐδὲν
673 1150 750 1204 τῆς
788 1146 986 1202 σπουδῆς
1014 1148 1092 1201 τῆς
1124 1143 1198 1188 ἐπὶ
1231 1145 1309 1201 τὴν
1341 1145 1463 1202 ξένην
1495 1143 1762 1195 ἐνεδίδοσαν,
1799 1148 1877 1187 146

96 1212 208 1259 ἀλλὰ
239 1215 450 1259 ἐνέκειντο
481 1215 642 1272 ταύτην
674 1215 950 1270 παραλαβεῖν
985 1209 1228 1265 ἀξιοῦντες,
1271 1210 1294 1256 0‘
1327 1213 1406 1267 μὲν
1439 1213 1601 1255 ἱκέτευε
1630 1212 1766 1268 μηδὲν

29 1291 65 1326 15
95 1285 263 1338 τολμᾶν
294 1283 570 1337 παράνομον,
604 1283 645 1325 οἱ
678 1278 717 1324 δ’
745 1279 1057 1338 ἁρπασάμενοι
1087 1281 1159 1322 καὶ
1187 1283 1492 1335 προσθέμενοι
1515 1280 1682 1333 μᾶλλον
1704 1281 1766 1334 τῷ

96 1355 232 1407 βιαίῳ
263 1353 340 1407 τῆς
372 1347 530 1407 ἡδονῆς
562 1346 790 1405 ἀπήγαγον
821 1348 936 1404 πρὸς
968 1345 1126 1398 αὖτοὺς
1154 1346 1232 1403 τὴν
1263 1357 1444 1402 γυναῖκα
1475 1348 1547 1389 καὶ
1580 1342 1637 1389 δι’
1665 1342 1769 1403 ὅλης

99 1417 252 1468 νυκτὸς
283 1416 617 1475 ἐμπλησθέντες
646 1419 723 1473 τῆς
753 1412 919 1473 ὕβρεως
951 1411 1178 1458 ἀπέλυσαν
1199 1416 1303 1471 περὶ
1327 1411 1568 1471 ἀρχομένην
1592 1411 1768 1471 ἡμέραν.

98 1483 123 1542 ἡ
158 1486 205 1528 δὲ
235 1487 658 1542 τεταλαιπωρημένη
690 1493 784 1534 τοῖς
817 1482 1112 1539 συμβεβηκόσι
1143 1485 1290 1538 παρῆν
1322 1482 1398 1525 ἐπὶ
1428 1481 1506 1539 τὴν
1529 1481 1673 1531 ξενίαν
1694 1483 1766 1524 καὶ
1801 1485 1880 1525 147

100 1552 188 1596 ὑπὸ
222 1553 363 1611 λύπης
394 1548 455 1595 (ὗν
486 1552 738 1595 ἐπεπόνθει
759 1553 830 1594 καὶ
854 1553 931 1594 τοῦ
951 1550 1009 1606 μή
1033 1551 1201 1604 τολμᾶν
1231 1546 1312 1592 ὑπ’
1343 1549 1546 1606 αἰσχύνης
1579 1549 1641 1599 εἷς
1662 1546 1772 1603 ι’)’ψιν

33 1629 71 1663 20
102 1619 253 1664 ἐλθεῖν
282 1619 450 1674 τάνδρί,
481 1621 637 1661 τοῦτον
666 1618 748 1676 γὰρ
778 1619 974 1673 μάλιστα
1000 1627 1095 1668 τοῖς
1124 1620 1425 1674 γεγενημένοις
1447 1617 1558 1670 ἔχειν
1581 1613 1774 1667 ἀνιάτως

103 1687 332 1744 ἐλογίζετο,
364 1688 680 1730 καταπεσοῦσα
707 1686 786 1743 τὴν
818 1685 960 1743 ψυχὴν
993 1681 1193 1742 ἀφίησιν.
1246 1682 1268 1726 ὁ
1304 1684 1351 1727 δὲ
1374 1679 1480 1740 ἇνὴρ
1513 1680 1648 1740 αὐτῆς
1680 1683 1773 1727 οἷό·
1807 1686 1886 1728 148

102 1771 234 1810 μενος
263 1750 390 1810 ἵπνῳ
420 1758 560 1809 βαθεῖ
589 1755 911 1809 κατεισχῆσθαι
931 1752 1009 1809 τὴν
1039 1761 1222 1808 γυναῖκα
1251 1753 1323 1793 καὶ
1344 1751 1480 1807 μηδὲν
1503 1751 1775 1805 σκυθρωπόν

104 1820 392 1880 ὑφορώμενος
424 1818 661 1877 ἀνεγείρειν
693 1820 903 1876 ἐπειρᾶτο
944 1819 1372 1876 παραμυθήσασθαι
1415 1817 1676 1873 διεγνωκώς,
1719 1815 1779 1869 (ὃς

107 1886 183 1933 οὐκ
214 1888 261 1940 ἐξ
290 1889 490 1932 ἑκουσίου
521 1887 695 1945 γνώμης
727 1885 862 1945 αὑτὴν
901 1887 1125 1944 παράσχοι
1154 1896 1250 1936 τοῖς
1287 1889 1633 1940 καθυβρίσασιν,
1675 1881 1773 1928 ἀλλ’

38 1966 75 2000 25
107 1955 435 2014 ἁρπασαμένων
467 1956 544 1999 ἐπὶ
564 1954 642 2012 τὴν
673 1955 817 2006 ξενίαν
849 1954 1075 1998 ἐλθόντων
1098 1949 1255 1998 αὐτῶν.
1306 1951 1366 2004 ὡς
1389 1953 1435 1996 δὲ
1455 1953 1778 2009 τελευτήσασαν
1812 1956 1891 1997 149

219 2058 240 2101 ς
269 2059 332 2091 143
358 2074 402 2086 =
426 2056 539 2091 ludio.
566 2056 654 2090 XIX
679 2059 733 2091 22.

221 2146 691 2183 ROMSPLELatZonaras
715 2145 734 2180 I
757 2157 794 2190 p.
822 2147 874 2180 82.

226 2206 240 2237 1
261 2202 397 2239 ἐπεὶ-
414 2205 432 2237 2
449 2198 672 2248 ὀλιγότητος
689 2212 771 2244 om.,
784 2202 807 2236 i.
822 2211 932 2245 marg.
949 2200 1066 2245 suppl.
1081 2200 1115 2235 R
1185 2203 1204 2236 3
1229 2195 1570 2237 *άπαλλάσσεσθαι
1591 2198 1646 2234 OS
1665 2195 1783 2235 εἶπα).-

111 2256 299 2296 λάσεσθαι
322 2258 356 2293 R
379 2253 673 2294 άπαλάσσεσθαι
697 2257 725 2291 Ρ
751 2252 1039 2293 άπαλάττεσθαι
1063 2256 1093 2290 L
1209 2260 1231 2291 4
1253 2252 1340 2302 μὴδ’
1366 2256 1397 2290 L
1506 2259 1524 2289 5
1552 2258 1709 2302 συγγενῆ
1734 2255 1784 2305 δὲ]

112 2311 169 2351 ὡσ
194 2316 353 2361 συγγενῆ
377 2313 415 2349 δὲ
439 2313 502 2349 Ro
529 2310 585 2349 ὡσ
609 2314 647 2350 δὲ
672 2315 831 2358 συγγενῆ
856 2325 897 2348 τε
913 2311 1039 2347 MSPL
1112 2315 1271 2358 συγγενῆ
1286 2315 1365 2346 -6
1390 2309 1619 2358 πρεσβύτου]
1643 2311 1786 2346 seniore

111 2381 200 2406 uero
225 2370 378 2411 dicente,
403 2369 490 2414 quia
515 2373 550 2404 et
574 2374 733 2414 coquam
757 2373 848 2403 esset
872 2372 907 2404 et
932 2368 1050 2402 lenitis
1065 2368 1137 2403 Lat
1207 2369 1354 2414 λευίτην
1377 2367 1572 2403 ROMSPL
1656 2369 1675 2401 6
1701 2363 1786 2414 δρά-

116 2474 207 2513 σειν]
235 2466 414 2517 ἀνδράσιν
439 2470 480 2504 S¹
505 2466 554 2505 ι’ἰν
577 2463 731 2514 δράσειν
755 2481 800 2504 ex
825 2480 916 2504 corr.
943 2469 967 2504 S
991 2437 1059 2506 §⁴¹33
1083 2467 1236 2516 δράσειν
1261 2467 1342 2508 (ἐᾶν
1366 2469 1390 2503 i.
1419 2479 1490 2503 ras.
1517 2470 1536 2502 2
1560 2467 1644 2509 litt.)
1669 2466 1696 2501 P

117 2530 136 2562 8
163 2522 293 2568 αὐτὸν]
320 2525 551 2569 om.i.marg.
569 2526 687 2570 suppl.
703 2525 739 2568 S,
765 2528 850 2560 ante
875 2520 1118 2562 α’ποκτείνειν
1141 2526 1245 2571 ponit
1261 2525 1300 2568 P,
1327 2536 1394 2559 om.
1410 2524 1442 2558 E
1536 2518 1572 2558 δ’
1598 2533 1741 2558 erasum
1758 2523 1786 2557 P

230 2585 250 2618 9
276 2579 465 2628 ὑπεριδεῖν
490 2581 529 2615 Μ
602 2585 642 2616 10
668 2577 931 2627 ὑβρισθέντας]
956 2578 1184 2628 ὑβρισθῆναι
1207 2581 1272 2617 RO
1297 2579 1642 2627 περιυβρισθέντασ
1667 2579 1720 2614 SP

117 2633 288 2680 *αὖτοῖς1
315 2634 437 2674 αὖτὸσ
455 2637 483 2672 O
508 2632 651 2674 αὐτοὺσ
671 2638 701 2672 L
794 2640 832 2672 12
858 2634 987 2679 αὐτὸς]
1013 2633 1154 2673 ιιῦτοὶσ
1178 2637 1224 2672 P²
1294 2640 1347 2679 τε]
1371 2635 1531 2670 Dindorf
1552 2635 1590 2671 δὲ
1616 2636 1721 2669 codd.

122 2697 163 2730 13
186 2692 248 2730 ἐπὶ
272 2697 318 2740 τῇ
343 2694 427 2739 ξένῃ
445 2693 537 2728 conj.
617 2696 658 2727 14
682 2688 769 2729 ἀλλ’
794 2693 920 2727 MSPL
992 2692 1185 2730 *ἱκέτευσε
1203 2693 1274 2727 ML
1359 2695 1399 2726 15
1427 2690 1462 2727 οἳ
1488 2687 1528 2727 δὲ
1554 2691 1616 2725 PE
1698 2703 1791 2738 προ-

119 2750 276 2795 θέμενοι
299 2750 344 2785 P¹
487 2752 526 2783 16
553 2744 695 2785 αι’«τοὺσ
717 2749 945 2784 ROMS¹P¹L
970 2746 1130 2785 ἑαυτοὺσ
1155 2749 1188 2784 Ε
1322 2752 1358 2782 17
1388 2743 1533 2789 νυκτὸς]
1560 2750 1628 2793 τῆσ
1653 2744 1793 2783 νυκτὸσ

121 2806 211 2841 SPE
284 2810 325 2840 19
349 2802 451 2841 *ὑπὸ
478 2816 522 2840 ex
547 2800 624 2841 άπὸ
652 2815 744 2840 corr.
761 2806 784 2839 S
856 2808 897 2839 20
924 2799 1100 2846 άνιάτως]
1118 2801 1430 2841 άνίατονΒΟΜΒ
1455 2798 1622 2849 άνιιιρῶς
1645 2803 1794 2838 Ernesti

120 2862 354 2897 incurabilem
379 2861 451 2896 Lat
544 2862 586 2894 22
610 2863 894 2906 κατεισχῆσθαι]
919 2863 1178 2906 κατησχῆσθαι
1202 2861 1241 2894 Μ
1265 2862 1523 2905 κατεσχῆσθαι
1549 2858 1703 2893 ROSPL

124 2920 169 2952 24
193 2913 308 2964 αὐτὴν
340 2917 444 2952 codd.
550 2914 728 2963 παράσχη
751 2917 781 2951 L
887 2911 975 2952 ἀλλ’
992 2919 1090 2950 —25
1116 2911 1242 2952 αὐτῶν
1275 2927 1342 2951 om.
1367 2915 1439 2950 Lat
1544 2910 1638 2951 ἀλλὰ
1664 2915 1704 2949 Μ

124 2977 167 3009 25
191 2970 388 3010 ἐλθόντων
414 2983 480 3007 om.
507 2972 635 3007 MSPL
728 2969 1045 3017 *τελευτήσασαν,
1070 2985 1117 3007 αν
1141 2982 1186 3006 ex
1209 2985 1244 3007 ιν
1270 2982 1359 3007 corr.
1385 2971 1415 3005 P

200 3034 341 3068 Iosephus
359 3035 382 3060 Ι.
1525 3029 1563 3061 21
