2060 3475
842 237 1037 273 Praefatio.
1617 236 1773 272 XXXIII

111 354 292 399 dicenda
321 358 427 397 sunt.
488 353 595 396 libro
627 351 687 394 IX
720 354 846 401 §284
879 352 994 394 locus
1025 357 1087 394 est
1119 366 1170 396 ex
1203 351 1386 394 historiis
1418 349 1656 403 Menandri,
1689 364 1770 405 quo

110 422 343 467 continetur
374 421 532 464 bellum
565 419 678 473 quod
709 420 1004 462 Salmanassar
1037 421 1300 474 Assyriorum
1334 434 1427 472 rex,
1460 419 1529 472 qui
1560 418 1675 474 apud
1706 419 1769 461 10-

108 489 288 544 sephum
319 494 383 531 est
413 488 731 540 Salmanasses,
773 502 866 530 cum
898 488 1073 530 Elulaeo
1106 488 1326 541 Tyriorum
1368 499 1465 540 rege
1496 487 1638 541 gessit.
1701 486 1770 528 ubi

109 557 343 600 edebantur
374 557 499 599 baec:
541 551 668 603 οὗτος
701 550 992 596 ἀπόσιάιίιιη»
1015 556 1281 607 Κιτταίωνῐ)
1317 551 1597 603 ἀναπλεύσας
1629 568 1770 608 προσ-

108 623 293 681 ηγάγετο
316 617 474 672 αὐτοὺς
496 622 646 664 πάλιν.
700 621 773 664 ἐπὶ
796 618 976 671 τούτους
998 625 1184 675 πέμψας
1214 619 1235 662 ὁ
1261 624 1346 663 τῶν
1366 619 1610 674 liam-yion
1640 626 1771 675 βασι-

109 690 206 741 λεὺς
252 689 425 746 ἐπῆλθε
472 693 683 746 Φοινίκην
728 691 936 743 πολεμῶν
983 685 1163 731 ἅπασαν
1205 694 1283 732 etc.
1355 691 1413 731 ita
1452 690 1561 731 enim
1603 691 1769 733 codices

106 760 292 803 MSPLV
325 759 546 811 exhibent,
578 772 655 800 nec
685 758 807 800 aliter
838 758 991 811 legisse
1022 757 1188 800 uidetur
1217 758 1421 811 interpres
1451 758 1628 810 latinus,
1659 756 1772 811 apud

109 841 234 881 quem
266 825 341 868 ἐπὶ
372 824 555 875 τούτους
587 828 773 878 πέμψας
805 831 867 868 est
897 834 1041 866 eontra
1073 839 1175 880 qnos
1199 826 1496 877 —1‘11.rut·5]eres.
1545 824 1641 867 hinc
1672 825 1771 867 effe-

108 898 254 938 cerunt
299 894 567 936 historiarum
606 893 952 936 Phoenieiearum
999 893 1223 947 scriptores
1267 897 1474 935 nostrates
1519 894 1686 936 Mouers
1731 899 1772 936 et

108 962 310 1005 Duncker
341 961 609 1015 Assyriorum
641 973 783 1014 regem
816 974 907 1003 cum
939 960 1194 1003 Citiensibus
1232 973 1277 1003 se
1309 961 1598 1014 coniunxisse,
1637 961 1769 1014 prius-

108 1043 235 1083 quam
274 1029 411 1084 ipsam
453 1028 695 1070 Phoenicen
735 1028 1050 1080 adgrederetur.
1112 1028 1189 1070 sed
1228 1029 1333 1082 sugit
1372 1041 1444 1072 eos
1484 1028 1593 1069 hunc
1633 1029 1769 1070 locum

107 1111 256 1140 sanum
290 1110 384 1140 esse
413 1110 495 1138 non
526 1109 672 1150 posse;
704 1108 840 1148 neque
872 1095 983 1138 enim
1015 1097 1241 1139 cohaerent
1272 1095 1344 1138 ἐπὶ
1375 1095 1555 1144 τούτους
1587 1098 1773 1148 πέμψας

108 1170 150 1208 et
193 1163 365 1219 ἐπῆλθε
399 1166 622 1218 Φοινίκην.
683 1163 784 1215 quid
824 1164 934 1206 enim
970 1178 1046 1206 rex
1077 1164 1331 1206 Citiensibus
1362 1164 1526 1206 misisse
1561 1163 1771 1218 putandus

109 1234 204 1276 est?
236 1237 277 1274 et
299 1245 370 1273 cur
399 1230 454 1272 ad
485 1244 558 1273 eos
579 1230 722 1272 misit?
752 1234 918 1284 poterat
947 1231 1074 1273 scribi
1097 1230 1171 1273 ἐπὶ
1194 1229 1373 1279 τούτους
1394 1233 1581 1284 πέμψας
1603 1226 1772 1286 παρήγ-

107 1300 224 1355 γειλε
255 1300 321 1341 uel
355 1296 429 1340 ἐπὶ
462 1297 642 1347 τούτους
664 1300 850 1352 πέμψας
874 1302 1123 1351 συμμαχίαν
1147 1297 1411 1353 ἐποιήσατο,
1443 1312 1539 1340 nam
1562 1300 1772 1341 sententia

107 1371 169 1411 ita
199 1368 468 1419 conformata,
502 1380 595 1408 cum
618 1366 792 1408 uerbum
815 1368 1000 1419 πέμψας
1030 1367 1178 1409 eodem
1205 1371 1369 1421 spectat
1390 1379 1472 1419 quo
1494 1366 1771 1421 insequentia,

107 1450 184 1491 per
215 1449 261 1478 se
291 1434 550 1487 intellegitur
581 1433 683 1486 quid
705 1434 906 1487 mittatur,
938 1435 1053 1476 uelut
1077 1435 1244 1477 nuntius
1265 1439 1339 1477 aut
1368 1435 1549 1488 litterae,
1581 1440 1623 1476 et
1643 1448 1772 1488 saepe

108 1503 246 1548 omitti
284 1503 403 1544 solet.
421 1501 454 1553 2)
514 1506 559 1542 at
595 1501 636 1541 in
677 1503 886 1544 sententia
925 1501 1062 1554 qualis
1094 1502 1200 1544 haec
1241 1507 1304 1545 est
1334 1501 1470 1544 omitti
1508 1515 1589 1543 non
1620 1505 1770 1556 potest.

109 1570 273 1614 accedit
311 1568 446 1622 quod,
487 1569 522 1610 si
563 1569 726 1622 legatos
765 1574 839 1611 aut
877 1569 1040 1611 litteras
1070 1570 1222 1612 missas
1260 1582 1352 1611 esse
1384 1569 1524 1611 dicere
1569 1567 1773 1610 uoluisset

109 1637 352 1691 Menander,
382 1649 465 1678 non
495 1636 731 1689 scripsisset
763 1634 838 1677 ἐπὶ
868 1635 1049 1685 τούτους
1080 1635 1156 1678 sed
1186 1634 1300 1691 πρὸς
1329 1634 1533 1687 τούτοι·ς;
1567 1649 1664 1677 nam
1696 1633 1770 1676 ἐπὶ

108 1703 290 1753 τούτους
321 1717 402 1746 non
434 1707 497 1745 est
527 1704 583 1743 ad
610 1703 705 1756 llos,
737 1703 814 1745 sed
844 1707 889 1745 ut
918 1707 1031 1745 recte
1063 1703 1237 1745 Latinus
1269 1703 1395 1746 uertit
1424 1710 1570 1743 contra
1600 1703 1697 1756 leos,
1727 1707 1773 1744 ut

109 1772 250 1814 multis
294 1771 498 1825 exemplis
543 1770 864 1813 demonstratur.
933 1771 1116 1824 denique
1154 1770 1288 1826 ipsius
1324 1771 1494 1825 Iosephi
1534 1771 1772 1814 testimonio

108 1843 347 1893 corruptum
378 1851 472 1881 esse
502 1838 610 1880 hunc
635 1838 773 1880 locum
803 1837 1050 1881 confirmare
1079 1851 1323 1893 possumus;
1356 1838 1465 1880 dixit
1488 1839 1598 1881 enim
1628 1839 1772 1893 paullo

106 1919 236 1960 supra
267 1907 311 1958 (ξ
342 1905 441 1958 283)
479 1919 630 1948 nomen
674 1905 784 1958 regis
816 1906 1085 1961 Assyriorum
1122 1906 1165 1948 in
1195 1906 1420 1961 Tyriorum
1455 1905 1626 1959 litteris,
1668 1918 1773 1959 quas

107 1974 338 2017 Menander
357 1973 400 2015 in
417 1973 624 2015 Graecum
647 1974 911 2028 conuerterit,
943 1977 1100 2028 extare,
1129 1973 1243 2016 unde
1270 1976 1447 2028 apparet
1467 1974 1581 2027 apud
1601 1974 1772 2016 Menan·

107 2042 229 2083 drum
259 2041 388 2083 fuisse
420 2041 532 2094 regis
562 2053 731 2095 nomen3
764 2056 863 2084 nam
885 2042 1111 2096 Tyriorum
1144 2042 1305 2084 litteras
1327 2055 1410 2083 non
1431 2041 1548 2084 nouit
1568 2042 1772 2096 Iosephus

107 2108 189 2151 nisi
218 2122 272 2152 ex
301 2108 544 2151 Menandro.
603 2107 680 2150 sed
709 2109 750 2150 in
783 2108 1018 2162 codicibus,
1051 2121 1157 2162 quos
1187 2122 1314 2163 supra
1344 2109 1589 2162 memoraui,
1619 2121 1774 2152 nomen

105 2188 189 2219 non
229 2179 358 2218 extat.
425 2177 540 2219 solus
579 2176 755 2219 Latinus
792 2176 930 2219 dedit:
975 2183 1120 2216 eontra
1160 2190 1263 2231 quos
1301 2175 1434 2216 denuo
1471 2174 1774 2216 Salamanasszlc

108 2245 382 2299 Assyriorum
412 2237 499 2284 rea?
526 2251 712 2284 cunctam
742 2243 991 2284 Phoenicem
1021 2244 1138 2284 bellis
1167 2245 1331 2284 inuasit.
1398 2243 1470 2297 qui
1500 2257 1594 2286 cum
1624 2243 1774 2296 legerit

108 2309 185 2354 ἐπὶ
205 2309 386 2360 τούτους
414 2316 456 2353 et
486 2313 673 2365 πέμψας
705 2324 870 2365 quoque
900 2311 1101 2354 habuisse
1132 2311 1338 2366 uideatur,
1367 2324 1519 2354 nomen
1549 2311 1660 2364 regis
1690 2324 1773 2353 non

106 2379 150 2421 in
180 2379 344 2433 graecis
373 2379 585 2422 inuenisse
615 2378 693 2421 sed
721 2379 814 2432 ipse
844 2392 899 2421 ex
924 2392 970 2421 se
992 2378 1212 2421 addidisse
1239 2378 1547 2422 existimandus
1569 2382 1645 2421 est.
1695 2378 1772 2420 sed

106 2450 352 2490 succurrunt
382 2445 549 2489 codices
570 2445 657 2500 ΒΟ,
690 2446 732 2488 in
764 2446 917 2499 quibus
947 2460 1020 2501 pro
1052 2447 1257 2500 corruptis
1279 2445 1355 2489 ἐπὶ
1376 2445 1556 2494 τούτους
1585 2447 1772 2499 πέμψας

106 2515 286 2557 traditur
316 2512 392 2555 ἐπὶ
421 2511 604 2563 τούτους
636 2512 865 2568 ἐλάμψας;
901 2528 1000 2556 nam
1032 2515 1131 2567 quin
1161 2515 1268 2557 haec
1297 2515 1334 2556 R
1364 2513 1580 2567 habuerit,
1615 2513 1658 2554 in
1689 2527 1770 2567 quo

107 2582 273 2625 litterae
305 2580 352 2623 ἐλ
381 2581 612 2623 maximam
642 2587 807 2636 partem
839 2594 985 2624 erosae
1015 2587 1124 2636 sunt,
1157 2581 1341 2624 dubitari
1360 2594 1444 2624 non
1473 2584 1633 2635 potest3
1664 2580 1709 2622 in
1734 2580 1770 2624 Ο

105 2649 258 2692 leuiter
278 2654 518 2704 corruptum
549 2647 626 2691 ἐπὶ
654 2647 828 2699 τούτοις
859 2647 1064 2704 ἐλαμψᾶς
1085 2653 1220 2703 extat;
1252 2649 1328 2692 sed
1359 2646 1435 2690 ἐπὶ
1455 2645 1637 2697 τούτους
1665 2648 1770 2690 anti-

222 2773 254 2814 1)
276 2771 355 2815 lege
382 2770 559 2815 Κιτιέων,·
588 2781 673 2806 nam
701 2772 797 2806 hanc
820 2772 965 2816 urbem,
990 2782 1083 2816 quae
1115 2770 1315 2815 antiquitus
1339 2770 1563 2805 Phoenicum
1586 2770 1667 2815 fuit,
1691 2771 1770 2806 Me-

105 2828 244 2863 nander
268 2827 368 2862 dicit.
411 2828 604 2863 Κιτταίων
627 2838 700 2862 non
723 2831 844 2872 potest
868 2839 946 2863 esse
969 2828 1065 2862 idem
1088 2828 1184 2872 quod
1202 2825 1380 2873 Κύποιοι;
1405 2836 1487 2861 nam
1506 2827 1668 2862 Graecus
1693 2830 1772 2862 erat

106 2883 308 2919 Menander
331 2886 368 2918 et
393 2883 542 2919 Graecis
569 2884 731 2930 scripsit;
757 2895 880 2920 eorum
903 2885 1012 2929 igitur
1037 2895 1142 2919 usum
1165 2883 1268 2928 sequi
1290 2883 1474 2927 putandus
1500 2885 1565 2918 est.

197 2942 230 2982 2)
254 2943 296 2975 ut
311 2941 396 2975 Ant.
414 2941 494 2976 Iud.
513 2941 544 2976 V
571 2944 634 2977 153
659 2940 871 2985 πέμπουσιν
897 2936 964 2977 οὖν
987 2937 1086 2986 πρὸς
1109 2936 1197 2981 τοὺς
1220 2936 1446 2985 Γαβαηνοὺς
1469 2942 1772 2987 κατηγοροῦντες

107 2998 184 3031 τῶν
209 2997 429 3033 νεανίσκων.

174 3062 315 3096 Iosephus
333 3064 355 3090 L
1472 3052 1498 3086 C
