2160 3439
367 175 446 214 298
855 174 1017 219 ANTIQ.
1042 175 1139 212 IUD.
1165 175 1198 211 V
1223 178 1356 212 29—33
1380 178 1405 220 (1
1421 182 1543 221 -ι-ιο)

368 285 629 331 ἀπώλλυντο
676 284 775 342 ἄχρι
819 290 1032 342 γυναικῶν
1071 289 1143 330 καὶ
1183 288 1400 342 παιδίων,
1440 291 1514 333 καὶ
1554 292 1714 345 νεκρῶν
1752 287 1776 346 ἡ
1809 291 1944 342 πόλις
1982 282 2035 348 ἧν

369 352 601 404 ἀνάπλεως
639 357 713 398 καὶ
753 355 957 412 διέφυγεν
997 350 1135 398 οὐδέν.
1197 354 1276 411 τὴν
1315 355 1363 398 δὲ
1401 357 1535 401 πόλιν
1576 357 1821 415 ἐνέπρησαν
1853 353 2035 402 ἅπασαν

301 427 352 466 30
369 424 442 465 καὶ
471 420 550 478 τὴν
576 421 737 478 χώραν.
797 424 870 465 καὶ
900 421 979 479 τὴν
1004 419 1188 480 Ῥαάβην
1219 422 1295 466 σὺν
1324 433 1420 474 τοῖς
1450 424 1627 476 οἰκείοις
1662 424 1726 475 εἷς
1753 424 1803 468 τὸ
1835 425 2035 482 καταγώ-

365 506 460 545 γιον
493 491 808 546 συμφυγοῦσαν
839 489 1012 532 ἔσωσαν
1044 490 1087 533 οἱ
1117 489 1415 544 κατάσκοποι,
1458 493 1531 535 καὶ
1562 491 1678 548 πρὸς
1710 488 1842 536 αὐτὸν
1867 488 2036 551 Ἰησοῦς

367 553 555 613 ἀχθείσῃ
592 556 721 611 χάριν
761 556 872 610 ἔχειν
915 554 1133 612 ὡμολόγει
1161 559 1240 613 τῆς
1271 563 1491 616 σωτηρίας
1520 561 1608 602 τῶν
1638 560 1933 604 κατασκόπων
1962 562 2037 604 καὶ

364 623 450 681 μὴν
489 627 566 681 τῆς
613 620 864 681 εὐεργεσίας
901 624 1063 682 ταύτης
1098 624 1241 680 ἔλεγεν
1281 624 1326 668 ἐν
1369 635 1469 676 ταῖς
1507 622 1717 681 ἀμοιβαῖς
1759 623 1834 681 οῦχ
1872 623 2036 684 ἥττονα

367 691 674 749 φανήσεσθαι,
717 693 925 749 δωρεῖται
962 688 1002 735 δ’
1029 688 1164 749 αὐτὴν
1206 687 1342 743 εὐθὺς
1381 688 1532 749 ἀγροῖς
1569 697 1642 738 καὶ
1682 693 1756 738 διὰ
1786 697 1918 751 τιμῆς
1948 692 2036 749 εἶχε

364 762 442 816 τῆς
470 760 633 817 πάσης.

300 830 348 870 31
484 831 521 871 8.
558 831 646 884 Τῆς
667 827 714 870 δὲ
744 828 921 879 πόλεως
952 827 991 871 εἷ
1021 831 1096 871 καί
1125 845 1169 871 τι
1199 829 1427 883 παρέλθοι
1457 828 1505 872 τὸ
1538 831 1627 886 πῦρ
1657 833 1933 873 κατέσκαπτε
1961 831 2035 873 καὶ

365 895 477 939 κατὰ
507 898 596 938 τῶν
628 894 917 952 οἰκησόντων,
958 895 1001 938 εἴ
1036 911 1105 946 τις
1146 898 1466 952 πορθηθεῖσαν
1499 892 1737 953 ἀνεγείρειν
1767 896 2036 953 ἐθελήσειεν,

367 959 478 1020 άράς
508 962 664 1015 ἔθετο,
707 958 834 1014 ὅπως
864 965 1103 1019 θεμελίους
1141 963 1221 1017 μὲν
1252 968 1406 1017 τειχῶν
1444 964 1690 1019 βαλόμενος
1730 967 1927 1022 στερηθῇ
1956 966 2035 1008 τοῦ

366 1030 547 1087 πρώτου
578 1030 758 1083 παιδός,
789 1031 1029 1082 τελειώσας
1060 1031 1107 1074 δὲ
1127 1029 1205 1074 τὸν
1237 1031 1455 1074 νεώτατον
1484 1034 1572 1074 τῶν
1602 1032 1780 1075 παίδων
1811 1027 2034 1089 ἀποβάλῃ.

366 1102 443 1156 τῆς
475 1099 522 1142 δὲ
555 1094 666 1155 ἇρᾶς
695 1097 744 1142 τὸ
776 1101 906 1142 θεῖον
938 1095 1014 1142 οἰκ
1053 1094 1289 1156 ἠμέλησεν,
1331 1094 1430 1141 ἀλλ’
1458 1098 1502 1142 ἐν
1531 1108 1626 1150 τοῖς
1656 1096 1858 1156 ὑστέροις
1888 1095 2036 1156 ἄπαγ-

365 1168 574 1223 γελοῦμεν
604 1165 653 1209 τὸ
686 1169 791 1222 περὶ
824 1162 958 1223 αὐτὴν
989 1166 1146 1217 πάθος
1174 1166 1420 1223 γενόμενον.

300 1238 352 1278 32
483 1239 523 1278 9.
557 1231 768 1289 Ἄπειρον
800 1234 848 1276 δέ
877 1252 920 1278 τι
951 1235 1132 1291 πλῆθος
1163 1233 1207 1277 ἐκ
1237 1237 1315 1290 τῆς
1347 1232 1552 1285 ἁλώσεως
1583 1234 1925 1291 συναθροίζεται
1958 1229 2037 1290 ἆρ-

365 1302 496 1359 γὺρου
527 1319 575 1345 τε
605 1303 680 1345 καὶ
707 1305 870 1357 χρυσοῦ
900 1303 974 1345 καὶ
1013 1305 1199 1354 προσέτι
1236 1303 1399 1356 χαλκοῦ
1437 1301 1626 1359 μηδενὸς
1664 1301 1951 1359 παραβάντος
1979 1299 2036 1344 τὰ

367 1371 607 1426 δεδογμένα
652 1366 759 1427 μηδ’
787 1369 850 1420 εἷς
895 1369 1014 1413 ἰδίαν
1061 1365 1282 1427 ὠφέλειαν
1326 1365 1438 1412 αὐτὰ
1485 1370 1880 1427 διαρπασαμένων,
1933 1364 2031 1412 ἀλλ’

368 1434 685 1493 ἀποσχομένων
718 1434 777 1487 (ὃς
806 1434 887 1495 ἤδη
919 1440 983 1494 τῷ
1014 1439 1112 1493 θεῷ
1150 1441 1508 1493 καθιερωμένων.
1567 1439 1640 1481 καὶ
1671 1440 1811 1480 ταῦτα
1849 1437 1929 1492 μὲν
1953 1432 2038 1494 Ἰη-

368 1509 470 1557 σοῦς
507 1515 603 1556 τοῖς
645 1506 833 1562 ἱερεῦσιν
875 1505 938 1555 εἷς
978 1504 1082 1556 τοὺς
1120 1505 1376 1562 θησαυροὺς
1415 1506 1701 1561 παραδίδωσι
1731 1507 2035 1549 καταθέσθαι.

366 1576 440 1617 καὶ
465 1571 670 1631 Ἱεριχοῦς
698 1573 777 1627 μὲν
807 1575 963 1616 τοῦτον
995 1568 1202 1615 ἀπώλετο
1233 1572 1310 1616 τὸν
1340 1572 1522 1629 τρόπον.

301 1644 353 1685 33
486 1645 552 1684 10.
599 1638 783 1696 Ἄχαρος
823 1640 871 1682 δέ
908 1657 977 1691 τις
1015 1640 1257 1695 Ζεβεδαίου
1302 1649 1413 1691 παῖς
1449 1634 1509 1684 ὢν
1548 1639 1593 1683 ἐκ
1622 1643 1699 1698 τῆς
1724 1636 1866 1684 Ἰούδα
1897 1640 2038 1698 φυλῆς

369 1706 505 1763 εὑρών
533 1709 735 1763 χλαμύδα
764 1710 993 1763 βασίλειον
1025 1707 1071 1751 ἐκ
1097 1711 1260 1764 χρυσοῦ
1289 1709 1369 1763 μὲν
1401 1710 1552 1751 πᾶσαν
1583 1705 1859 1765 ὑφασμένην,
1895 1706 2037 1761 μᾶζαν

369 1776 415 1818 δὲ
442 1779 604 1832 χρυσοῦ
637 1775 844 1830 σταθμὸν
877 1775 1087 1818 ἕλκουσαν
1127 1777 1286 1819 σίκλων
1324 1777 1562 1819 διακοσίων
1592 1778 1663 1818 καὶ
1697 1774 1842 1819 δεινὸν
1874 1772 2038 1832 ἡγησά-

483 1958 502 1998 ξ
529 1958 571 1990 29
597 1955 772 1990 =10sua
795 1954 846 1990 VI
873 1956 926 1988 21.

482 2123 947 2159 ROMSPLELatZonaras
971 2122 988 2156 I
1012 2134 1048 2167 p.
1070 2126 1110 2156 Τι’
1121 2133 1172 2167 sq.
1220 2122 1471 2158 Theodoretus
1497 2123 1514 2157 I
1537 2134 1571 2168 p.
1595 2125 1671 2157 201.

484 2207 496 2237 1
526 2200 656 2248 *ἔχρη
681 2201 768 2249 ἄχρι
799 2204 861 2238 καὶ
886 2201 957 2235 ML
989 2201 1098 2248 μέχρι
1124 2201 1178 2236 SP
1318 2204 1336 2235 2
1364 2197 1482 2242 οἶδέν]
1517 2197 1641 2237 οὖδεὶσ
1665 2201 1698 2236 Ε
1733 2201 1854 2236 nullus
1878 2201 1948 2236 Lat

367 2258 597 2305 *ἐνέπρϊσαν
622 2259 651 2294 O
745 2261 764 2292 3
790 2261 852 2294 καὶ
877 2255 954 2303 τὴν]
981 2255 1048 2303 τὴν
1078 2258 1115 2293 δὲ
1140 2258 1172 2292 Ε
1259 2255 1432 2304 Ῥαάβην]
1459 2255 1633 2304 ραχιὲβην
1657 2257 1786 2292 MSPE
1879 2260 1899 2291 4
1925 2258 2039 2302 *συμ-

368 2319 550 2362 ᾳυγοῖσιν
574 2315 698 2350 Naber
790 2311 948 2355 *αι’-τὸν]
975 2312 1044 2350 τὸν
1060 2314 1090 2349 L
1186 2309 1359 2360 *Ἰησοῦς]
1386 2314 1495 2350 ι’σοῦσ
1520 2313 1559 2348 Μ
1588 2313 1718 2360 ιἠσοῦν
1740 2313 1817 2349 O2L
1912 2315 1931 2347 6
1954 2309 2038 2358 μὴν]

366 2373 479 2419 μηδὲν
504 2372 656 2408 ROSPL
751 2367 818 2417 οὐχ
844 2381 910 2406 om.
937 2371 990 2407 SP
1091 2374 1110 2405 8
1137 2374 1200 2416 τῆς
1225 2381 1292 2405 om.
1320 2370 1352 2404 E
1444 2366 1598 2416 ἁπάσησ
1622 2369 1728 2404 MLE
1831 2372 1851 2404 9
1876 2366 2038 2412 πόλεως]

366 2428 521 2466 πόλεωσ
553 2426 607 2465 ὠσ
633 2429 671 2463 Μ
809 2430 855 2469 τι]
882 2441 935 2463 τι·
963 2427 991 2462 P
1021 2440 1078 2463 τοι
1103 2427 1133 2461 L
1271 2426 1528 2462 κατέσκαπται
1555 2426 1593 2460 Μ
1624 2426 1854 2461 destruebant
1876 2426 1948 2462 Lat

370 2490 409 2522 10
436 2485 662 2523 οἰκισάντων
685 2485 716 2520 L
750 2481 986 2530 οἰκησάντων
1011 2484 1044 2518 Ε
1081 2480 1307 2519 οἰκισάντων
1331 2483 1483 2531 Hudson
1577 2481 1627 2524 εἶ’]
1652 2480 1720 2519 ἐάν
1744 2482 1776 2517 Ε
1869 2486 2039 2529 πορθησ·

367 2546 504 2578 θεῖσαν
527 2543 566 2577 Μ
654 2536 874 2587 ἀνεγείρειν]
899 2540 1060 2586 ἐγείρειν
1085 2539 1337 2583 RQMLEZon
1429 2535 1637 2585 ἀνεγείρειν·
1661 2536 1886 2585 ἐθελήσειεν]
1911 2537 2038 2575 ἐθέλοι

366 2597 528 2645 ἐγείρειν
554 2598 585 2633 Ε
705 2601 740 2632 11
769 2594 1013 2643 βαλλόμενοσ
1038 2596 1279 2631 MSI‘LEZon
1403 2597 1604 2642 στερηθείη
1630 2595 1662 2630 Ε
1782 2598 1821 2630 12
1846 2590 2038 2642 α’ποβάλῃ]

367 2654 560 2702 ἀποβαλεῖ
583 2659 631 2692 (εῖ
653 2665 698 2689 ex
724 2669 743 2699 η
769 2664 860 2688 corr.
888 2653 931 2691 R)
957 2652 1056 2687 ROE
1082 2648 1270 2698 α’ῖτοβάλει
1297 2652 1327 2686 L
1470 2654 1507 2685 13
1534 2648 1705 2698 ὑστέροις
1736 2646 2038 2698 ἀπαγγελοῦμεν]

367 2706 528 2757 ἷῗστερον
551 2710 713 2757 ἐροῦμεν
736 2710 775 2745 M
801 2704 961 2755 ’ὕστερον
985 2705 1275 2754 ἀπαγγελοῦμεν
1300 2707 1363 2742 LE
1482 2711 1518 2742 Η
1545 2704 1699 2754 *αὐτὴν1
1725 2705 1744 2754 ἡ
1771 2708 1793 2741 i.
1821 2719 1891 2743 ras.
1918 2707 1945 2742 P

371 2772 407 2803 1“ι
436 2763 520 2804 ἀλλ’
536 2788 578 2792 -
596 2771 635 2802 lb
660 2767 956 2813 καθιερωμένων
981 2776 1048 2801 om.
1075 2765 1180 2800 ROM
1270 2768 1308 2799 19
1334 2767 1440 2805 *τοῖς
1467 2775 1533 2799 om.
1552 2764 1580 2798 P
1652 2765 1926 2810 *na(›casl‹5woa‚
1950 2765 2037 2801 δι’δω

368 2825 389 2858 i.
415 2835 486 2859 ras.
513 2835 558 2859 ex
585 2823 721 2859 θέσθαι
747 2834 839 2858 corr.
859 2823 931 2857 uid.
952 2822 980 2857 O
1053 2826 1088 2856 21
1122 2822 1337 2867 Ζεβεδαίου]
1363 2822 1536 2866 ζεβεδιόυ
1559 2820 1652 2855 MSP
1676 2822 1841 2866 χαρμίου
1865 2821 2038 2868 ζεβεδίου

367 2880 397 2914 L
426 2880 567 2916 zebedei
584 2880 653 2915 Lat
747 2882 839 2924 *τῆς
861 2877 976 2915 'loma
1002 2881 1127 2924 (χι-λῆς]
1153 2880 1272 2923 φι“).ῆσ
1290 2874 1395 2913 ιὀιῗδα
1414 2877 1485 2910 ML
1579 2880 1620 2911 22
1647 2874 1855 2923 *χλαμῦδαῙ
1879 2878 2036 2922 χλανίδα

368 2936 618 2971 Theodoretus
729 2939 769 2970 23
796 2933 982 2979 σταθμὸν,
1011 2933 1055 2970 ὸν
1079 2945 1123 2969 ex
1148 2937 1203 2969 ὠν
1226 2943 1318 2968 corr.
1345 2933 1377 2967 R
1471 2936 1610 2968 σικλιῦι·
1635 2934 1772 2968 ROML
