2091 3418
522 174 683 218 ANTIQ.
708 174 804 210 IUD.
831 175 862 210 V
887 175 1064 209 302—308
1087 175 1299 216 (vnto-11)
1655 170 1733 208 351

80 293 212 333 θείαν
244 289 358 344 πρὸς
388 288 437 331 τὸ
471 286 614 330 δεινὸν
645 289 716 330 καὶ
748 288 973 344 ῥύσασθαι
1002 289 1078 330 τοῦ
1100 289 1243 330 κακοῦ.
1293 287 1364 329 καὶ
1395 284 1510 341 πρὸς
1539 284 1619 336 τὰς
1651 284 1736 328 ἷκε-

80 361 202 408 τείας
233 356 523 405 ἐπικλασθεὶς
554 352 576 397 ὁ
612 354 719 404 θεὸς
750 354 890 412 πηγὴν
920 354 1030 397 κατά
1061 372 1179 405 τινος
1206 357 1371 408 πέτρας
1391 349 1564 410 ἀνίησιν
1585 350 1737 408 ἡδεῖαν

79 426 153 469 καὶ
186 424 366 481 πολλήν,
398 418 507 466 ὅθεν
528 425 602 465 καὶ
622 422 823 477 Σαμψών
855 422 997 465 ἐκάλει
1028 421 1077 464 τὸ
1107 427 1268 478 χωρίον
1289 421 1481 477 Σιαγόνα
1510 422 1583 463 καὶ
1613 423 1737 476 μέχρι.

79 495 158 536 τοῦ
189 493 314 548 δεῦρο
344 493 473 533 τοῦτο
504 491 686 546 λέγεται.

196 564 258 603 10.
290 557 422 601 Μετὰ
454 558 500 601 δὲ
531 558 690 616 ταύτην
721 557 797 614 τὴν
827 558 967 614 μάχην
988 556 1188 612 Σαμψών
1219 558 1508 613 καταφρονῶν
1530 557 1616 598 τῶν
1637 559 1737 598 Πα-

80 630 316 671 λαιστίνων
339 626 402 676 εἰς
420 626 562 678 Γάζαν
585 623 836 683 ά([ικιἐι”ται
858 628 929 668 καὶ
952 626 995 668 ἐν
1015 643 1101 668 τινι
1118 627 1205 667 τῶν
1227 627 1509 679 καταγωγίων
1532 624 1736 678 διέτριβε.

78 695 303 750 μαθόντες
335 694 381 736 δὲ
411 697 498 736 τῶν
532 694 731 746 Ιαζαίων
763 694 804 736 οἱ
842 691 1045 748 ἄρχοντες
1074 692 1152 749 τὴν
1184 688 1346 734 αὐτόθι
1375 695 1628 782 ζ”ταρουσίαν
1660 691 1737 733 αὐ-

77 766 155 807 τοῦ
185 762 240 806 τὰ
271 761 357 819 πρὸ
390 765 477 804 τῶν
509 779 568 804 m
564 765 658 804 λων
690 761 885 817 ἐνέδραις
915 760 1341 815 καταλαμβάνουσιν,
1374 755 1498 810 ὅπως
1529 758 1656 810 ἐξιών
1677 758 1734 815 μὴ

80 831 213 888 λάθῃ.
273 829 475 884 Σαμψων
514 831 581 882 δέ,
623 825 672 872 οὗ
711 828 793 907 γὰρ
825 829 1123 871 λανθάιοισιν
1155 824 1285 871 αἰτὸν
1317 830 1454 870 ταῦτα
1484 826 1736 884 μηχαννσά-

77 915 214 954 μενοι,
246 915 349 953 περι
381 899 602 951 ιιεσοῦσαν
635 894 713 954 ἤδη
748 898 825 953 τῂν
856 896 986 940 νύκτα
1008 892 1200 946 αναστὰς
1222 895 1424 950 ἐνράσσει
1444 905 1541 947 ταῖς
1562 895 1736 946 πύλαις,

80 962 234 1016 αὐταῖς
262 982 309 1008 τε
341 966 494 1022 φλιαῖς
525 967 598 1007 καὶ
628 967 806 1019 ιιοχλοῖς
837 959 916 1022 όση
947 980 994 1007 τε
1026 961 1133 1020 ἄλλη
1165 966 1268 1019 περὶ
1301 959 1453 1014 αὐταῖς
1483 962 1531 1020 ἦν
1554 963 1739 1014 ξύλωσις

79 1030 295 1090 ἆράμειος
323 1033 585 1087 κατωμαδὸν
617 1033 679 1083 εἰς
706 1031 755 1075 τὸ
779 1030 890 1088 ὑπὲρ
907 1031 1117 1087 Ἑβρῶνος
1139 1047 1241 1087 ορος
1263 1035 1409 1088 φέρων
1430 1035 1738 1088 κατατίθησιν.

193 1106 257 1144 11.
290 1103 541 1155 Παρέβαινε
573 1095 613 1142 ὁ)
638 1098 719 1157 ἤδη
752 1099 806 1142 τὰ
833 1100 1003 1156 πάτρια
1022 1102 1094 1142 καὶ
1115 1099 1193 1155 τὴν
1215 1099 1380 1142 οἰκείαν
1401 1099 1576 1142 δίαιταν
1597 1115 1737 1154 παρε-

74 1168 294 1225 χάρασσεν
333 1167 508 1218 ξενικῶν
547 1168 733 1225 μιμήσει
778 1167 978 1222 ἐθισμῶν
1022 1169 1095 1210 καὶ
1138 1163 1259 1210 τοῦτ’
1288 1162 1405 1222 αὐτῷ
1451 1162 1557 1223 ἀρχὴ
1604 1169 1737 1209 κακοῦ

29 1246 44 1254 ·’
75 1239 266 1291 γίνεται·
307 1235 510 1291 γυναικὸς
539 1235 620 1291 γὰρ
652 1235 975 1293 ἑταιριζομένης
1005 1234 1128 1291 παρὰ
1158 1244 1252 1285 τοῖς
1283 1236 1604 1285 Παλαιστίνοις
1636 1234 1736 1290 ἐρα-

79 1305 208 1354 σθεὶς
228 1303 438 1360 Δαλάλης
467 1300 661 1356 τοῦνομα
693 1305 823 1360 συνῆν
857 1299 978 1360 αὐτῇ.
1028 1305 1099 1345 καὶ
1131 1306 1218 1345 τῶν
1240 1305 1556 1346 Παλαιστίνων
1587 1303 1630 1345 οἱ
1660 1318 1736 1344 του

76 1373 225 1414 κοινοῦ
266 1373 544 1427 προεστῶτες
583 1370 791 1420 ἐλθόντες
834 1370 946 1427 πρὸς
992 1367 1124 1428 αὐτὴν
1168 1374 1409 1414 πείθουσιν
1455 1370 1738 1426 ἐπαγγελίαις

76 1442 242 1493 μαθεῖν
272 1437 396 1494 παρὰ
426 1441 505 1481 τοῦ
527 1440 779 1493 Σαμψῶνος
807 1438 886 1495 τὴν
909 1438 1056 1482 αἰτίαν
1076 1441 1154 1496 τῆς
1176 1434 1335 1517 ἰσχύος,
1367 1433 1443 1496 ὑφ’
1469 1434 1520 1494 ἧς
1541 1435 1738 1494 ἄληπτός

78 1506 172 1549 ἐστι
200 1516 296 1557 τοῖς
317 1506 508 1562 ἐχθροῖς.
558 1503 661 1562 ἡδὲ
692 1505 816 1562 παρὰ
847 1506 986 1549 πότον
1015 1508 1088 1549 καὶ
1118 1506 1325 1564 τοιαύτην
1357 1510 1590 1549 συνουσίαν
1620 1509 1738 1547 θαυ-

75 1573 274 1628 μάζουσα
296 1573 376 1625 τὰς
406 1570 590 1629 πράξεις
622 1569 755 1617 αυτοῦ
778 1573 1013 1627 ἐτεχνίτευε
1032 1577 1212 1628 μαθεῖν,
1242 1578 1331 1617 τίνι
1351 1573 1506 1630 τρόπω
1527 1575 1738 1616 τοσοῦτον

77 1641 260 1697 προύχει
289 1636 389 1683 κατ’
416 1636 586 1697 ἆρετην.
645 1638 667 1684 ὁ
701 1642 747 1683 δὲ
778 1641 951 1697 ..αιιψιι
957 1659 1000 1694 ν,
1041 1641 1106 1685 ε’τι
1143 1641 1225 1698 γὰρ
1257 1651 1435 1699 φρονεῖν
1468 1638 1643 1695 ἰσχυρὸς
1671 1638 1736 1695 ἠν,

188 1742 210 1786 ς
234 1743 299 1777 303
324 1759 368 1772 =
391 1742 503 1777 ludio.
529 1742 596 1776 xv
624 1745 674 1777 19.

188 1820 653 1856 ROMSPLELatZonaras
678 1821 696 1855 I
725 1832 760 1866 p.
787 1823 888 1866 92sq.
938 1821 1068 1856 Suidas
1101 1833 1129 1856 s.
1154 1819 1348 1867 ἐνράσσει,
1378 1820 1624 1867 κατωμαδόν,
1656 1820 1742 1869 ἄλη-

77 1890 183 1920 πτος,
206 1875 426 1922 ἐτεχνίτευε,
450 1874 614 1924 ἰσχυρός.
663 1877 846 1912 Gedrenus
871 1878 888 1912 Ι
912 1889 947 1922 p.
976 1880 1051 1912 123.

193 1936 209 1968 1
235 1935 304 1969 τοῦ
326 1935 459 1974 κακοῦ]
485 1944 507 1967 α
532 1933 637 1968 malis
660 1933 733 1969 Lat
801 1936 864 1970 καὶ
888 1930 997 1981 πρὸς]
1023 1929 1127 1979 πρὸσ
1152 1927 1219 1970 οὖν
1242 1933 1370 1969 MSPL
1439 1933 1588 1971 ἓκεσίασ
1611 1935 1738 1970 MSPL

190 1992 210 2024 2
234 1986 360 2026 *κατὰ
375 2009 417 2014 -
432 1989 587 2037 πέτραν]
615 1990 712 2025 circa
737 1990 917 2035 quandam
942 1996 1084 2037 petram
1108 1991 1152 2026 de
1176 1991 1274 2025 asini
1295 1990 1448 2025 maxilla
1469 1990 1542 2025 Lat
1634 1993 1652 2025 3
1677 1993 1740 2026 καὶ

78 2041 265 2092 Σαμψὼν]
292 2041 312 2082 ὃ
339 2043 551 2096 σαμψώνησ
574 2046 700 2081 MSPL
769 2049 878 2082 καλεῖ
900 2046 931 2080 L
1001 2050 1020 2081 5
1044 2046 1115 2088 *ὂὲ]
1140 2047 1180 2092 δὴ
1205 2046 1277 2080 ML
1347 2043 1587 2092 *σαμψώνησ
1612 2046 1739 2082 MSPL

190 2105 210 2136 6
233 2103 495 2148 καταγωγίων]
520 2103 772 2148 καταγωνίων
796 2102 859 2138 RO
998 2102 1170 2148 διέτριβε]
1203 2102 1363 2148 διέτριβε
1386 2104 1456 2148 τῆσ
1488 2104 1559 2148 γῆσ
1584 2102 1648 2138 Ro

960 2171 1004 2193 το

78 2205 95 2235 Τ
123 2202 340 2245 *Γαζαίων]
365 2201 544 2247 γαζάρων
560 2201 594 2236 R
617 2202 764 2247 γαζέων
789 2202 826 2235 Μ
896 2199 1013 2239 *αὖθι
1037 2202 1066 2237 Ρ
1137 2205 1155 2237 S
1179 2200 1540 2248 καταλαμβάνουσιν
1563 2203 1600 2237 in
1624 2217 1737 2239 κατα-

42 2299 53 2304 ,
77 2255 333 2294 λανθάνουσιν
358 2267 450 2292 corr.
475 2268 570 2291 man.
595 2267 668 2291 rec.
687 2257 726 2291 M
796 2261 815 2292 9
840 2255 1057 2305 *Σιιμψώή
1083 2257 1294 2305 σαμψώνησ
1317 2259 1443 2294 MSPL
1515 2263 1555 2293 10
1581 2257 1645 2305 ἤδη
1671 2256 1738 2305 τὴν

77 2325 146 2351 om.
165 2315 197 2349 E
290 2309 358 2359 τὴν
383 2323 450 2347 om.
477 2313 508 2347 L
533 2312 616 2348 fort.
641 2316 740 2348 recte
831 2312 990 2351 *νύκταν
1013 2315 1047 2350 R
1137 2312 1312 2360 ἐνράσσει
1326 2336 1368 2340 -
1385 2319 1423 2350 11
1451 2312 1604 2358 ξύλωσις
1627 2317 1738 2351 habet

77 2371 208 2407 Suidas
233 2381 260 2405 s.
286 2366 462 2416 ἐνράσσει
571 2366 748 2415 ἐνράσσει
771 2370 908 2406 RM¹P¹
932 2370 1082 2419 ἐνράσει
1106 2372 1136 2407 L
1248 2377 1331 2413 ταῖς
1354 2369 1541 2413 πύλαις-
1558 2375 1598 2407 12
1622 2385 1736 2408 κατα-

78 2429 228 2474 τίθησιν
251 2425 432 2469 excerpsit
456 2425 554 2460 Suid.
580 2435 608 2460 s.
633 2424 862 2470 κατωμαδόν
984 2432 1022 2463 11
1050 2431 1103 2470 τε]
1127 2430 1191 2464 καὶ
1215 2427 1302 2463 Suid
1426 2430 1592 2473 *φλυαῖσ
1615 2428 1647 2463 L

78 2479 199 2520 αὐτὰσ
223 2483 255 2517 Ε
344 2485 384 2517 12
410 2479 585 2528 ἓβρωνοσ
610 2482 649 2516 Μ
673 2481 850 2529 ἐβρῶνοσ
872 2484 968 2519 PLE
994 2484 1141 2520 hiebron
1165 2484 1237 2519 Lat
1303 2485 1531 2530 κατατίθησι
1556 2484 1737 2520 OMS2LE

193 2542 232 2575 13
258 2535 293 2575 δ’
318 2536 394 2585 ἤδη]
420 2538 458 2574 δὲ
483 2534 541 2583 δὴ,
566 2537 583 2574 ὲ
607 2538 630 2572 i.
656 2549 728 2573 ras.
754 2549 798 2573 ex
823 2555 845 2585 η
870 2550 960 2576 corr.
988 2540 1012 2576 S
1037 2536 1071 2576 δ’
1095 2538 1169 2586 ἤθη
1193 2541 1247 2575 ed.
1273 2551 1328 2584 pr.
1466 2538 1737 2588 παρεχάρασσε

78 2595 222 2632 OMS²L
307 2598 348 2630 14
372 2590 468 2641 α’ρχὴ
494 2589 597 2631 αὐτῶ
620 2597 665 2630 tr.
682 2595 840 2630 MSPLE
920 2598 1079 2631 *κακῶν
1097 2596 1129 2630 L
1213 2599 1253 2631 16
1280 2593 1461 2642 Δαλάλης]
1487 2595 1648 2643 δαδάλησ
1671 2596 1736 2631 Ro

78 2650 266 2698 δαλάλλησ
289 2651 328 2686 Μ
353 2653 511 2696 δαληὸῆσ
536 2650 588 2686 SP
613 2652 766 2698 δαλίδῆσ
788 2652 819 2686 L
845 2651 958 2686 dalila
973 2652 1045 2688 Lat
1113 2649 1283 2696 τοῦνομα
1310 2663 1376 2688 om.
1395 2652 1533 2687 ROML
1603 2648 1737 2698 *αὐτῇ

77 2712 99 2754 ἧ
123 2720 168 2744 ex
193 2711 224 2744 ὦ
248 2719 340 2744 corr.
366 2707 405 2741 M
527 2710 565 2741 17
591 2710 838 2752 προεστῶτεσ
863 2719 890 2743 s.
914 2708 955 2742 M
1079 2707 1269 2751 ἐλθόντες]
1295 2705 1584 2755 προσελθόντεσ
1608 2708 1647 2742 Μ

80 2766 120 2798 18
144 2767 293 2809 μαθεῖν]
318 2761 386 2810 τὴν
409 2764 559 2809 δαλίλην
582 2767 721 2807 μαθεῖν
744 2763 776 2798 Ε
898 2761 1022 2810 τὴν-
1036 2768 1076 2800 19
1100 2764 1257 2811 ἐχθροῖς
1279 2766 1391 2800 habet
1413 2765 1543 2800 Suidas
1663 2758 1737 2810 εἶφ’

78 2821 168 2856 Suid
260 2823 301 2856 20
326 2819 536 2865 ἐτεχνίτευε
550 2839 590 2844 —-
606 2822 644 2854 21
672 2814 810 2866 ἀρετήν
833 2820 944 2855 habet
961 2820 1091 2855 Suidas
1184 2819 1430 2867 *ἐτεχνήτευε
1453 2821 1487 2856 R.
1509 2819 1737 2866 ἐτεχνείτευε

79 2876 108 2912 O
133 2873 386 2923 ε’τεχνιτεύετο
411 2875 450 2909 Μ
474 2873 700 2921 ἐτεχνίτευε·
725 2876 777 2912 SP
869 2873 1066 2912 τοσούτων
1088 2876 1242 2912 ROSPE
1336 2879 1377 2912 21
1403 2876 1559 2923 προέχει
1584 2875 1736 2912 ROSPL

80 2932 169 2967 Suid
263 2929 283 2968 ὃ
309 2933 348 2969 δὲ
362 2953 401 2958 —-
417 2943 452 2976 p.
469 2933 576 2975 3521
604 2929 777 2978 Δαλάλην
800 2932 912 2968 habet
934 2932 1022 2968 Suid
1114 2929 1356 2979 *σαμψώνησ
1379 2933 1505 2969 MSPL

1769 288 1849 327 303

1768 558 1848 598 304

1771 831 1849 871 305

1769 1100 1849 1141 306

1770 1642 1851 1683 308
