2060 3475
790 212 984 248 Praefatio.
1672 216 1722 250 IX

55 330 268 386 suppleuit
299 331 340 372 et
369 326 526 370 additis
557 326 675 369 libris
697 327 815 369 I—X
846 325 1099 381 duplicauit;
1131 327 1239 370 alius
1271 327 1402 370 libros
1422 329 1540 371 I—X
1564 342 1615 372 ex
1639 329 1722 383 cpi·

55 402 170 440 toma
200 395 371 451 petiuit,
413 394 596 447 reliquos
629 408 680 437 ex
712 394 937 448 integriore
970 395 1137 450 Iosephi
1169 395 1401 450 exemplari
1433 395 1577 438 addito
1610 396 1721 439 bello

54 463 249 517 Iudaico,
289 468 334 506 ut
373 462 593 506 commode
632 462 719 504 sere
757 462 898 504 onmia
938 462 1105 517 Iosephi
1137 462 1178 504 in
1211 476 1338 504 unum
1369 464 1506 506 locum
1547 463 1723 506 collecta

55 531 322 574 haberentur.
373 529 551 572 accessit
582 528 763 581 denique
795 530 1109 583 typothetarum
1138 529 1357 584 industria,
1389 545 1415 573 a
1446 531 1598 584 quibus
1629 531 1720 574 reli-

58 613 143 653 qua
183 597 420 650 conquisita
459 601 576 650 sunt,
620 609 701 648 quo
743 598 853 638 facto
896 596 967 640 diu
1004 603 1203 652 separata
1240 597 1410 651 Ioscphi
1451 598 1639 640 membra
1681 597 1724 639 in

55 679 180 708 unum
213 677 363 718 corpus
394 664 530 706 denuo
562 664 819 706 coaluerunt.

173 732 275 775 Cum
308 731 433 786 igitur
462 730 631 785 Iosephi
664 731 964 783 antiquitatum
987 731 1083 774 libri
1104 744 1187 773 non
1209 744 1428 774 commune
1449 732 1528 776 iter
1550 733 1726 776 fecerint

57 800 133 843 sed
164 799 343 854 primum
375 798 668 851 quadripertiti
700 799 797 840 dein
831 799 1016 853 bipertiti
1047 799 1219 840 saecula
1242 799 1517 853 peragrarint,
1549 804 1725 855 apparet

58 881 151 910 eum
175 867 246 920 qui
277 866 331 909 de
362 865 422 908 eis
453 865 632 918 aliisque
664 865 859 909 editionis
881 865 1082 908 subsidiis
1104 865 1289 907 dicturus
1312 870 1387 920 est,
1419 866 1463 908 id
1486 866 1600 919 quod
1622 868 1724 909 mihi

58 948 168 978 nunc
198 934 459 988 propositum
492 937 569 986 est,
600 946 682 974 non
712 932 836 975 simul
870 933 922 976 de
954 933 1147 976 omnibus
1178 932 1334 976 referre
1365 947 1510 988 posse;
1543 934 1619 977 sed
1649 948 1724 989 pro

61 1002 121 1044 rei
160 1005 310 1043 natura
348 1002 408 1043 ita
438 1014 542 1055 opus
584 999 884 1042 instituendum
919 1005 1005 1055 est,
1045 1005 1091 1043 ut
1131 1014 1318 1044 seorsum
1350 1001 1404 1043 de
1434 1002 1573 1056 priore
1604 1002 1723 1044 dimi-

59 1069 129 1112 dio
151 1068 319 1123 Iosephi
342 1068 651 1120 antiquitatum,
680 1079 866 1110 seorsum
892 1066 945 1109 de
968 1068 1104 1110 altera
1125 1071 1258 1122 parte,
1288 1081 1476 1110 seorsum
1499 1069 1551 1112 de
1574 1069 1724 1112 codici-

58 1137 157 1190 bus,
200 1136 351 1189 quibus
382 1136 541 1178 bellum
572 1134 791 1176 Iudaicum
824 1134 1082 1189 continetur,
1123 1148 1311 1178 seorsum
1347 1135 1400 1178 de
1430 1137 1549 1179 libris
1581 1142 1727 1180 contra

55 1204 264 1259 Apionem
296 1203 542 1257 disputetur.
594 1206 636 1243 et
665 1201 733 1243 hic
760 1201 930 1254 quidem
962 1201 1015 1245 de
1046 1203 1106 1245 eis
1138 1202 1338 1245 subsidiis
1371 1217 1478 1256 quae
1510 1204 1565 1245 ad
1595 1204 1726 1247 libros

56 1272 174 1313 I—-X
204 1269 501 1322 antiquitatum
532 1267 743 1322 pertinent
775 1269 914 1311 dicam
948 1269 1000 1312 de
1031 1270 1182 1313 ceteris
1213 1270 1512 1325 disputaturus,
1545 1284 1639 1314 cum
1670 1271 1726 1314 ad

58 1351 131 1381 eos
162 1336 349 1380 edendos
379 1348 609 1378 accessero.

843 1438 936 1488 §2

169 1529 233 1570 Ac
263 1528 445 1582 primum
486 1525 675 1579 codices,
718 1527 869 1579 quibus
907 1527 1205 1580 antiquitatum
1236 1527 1333 1569 libri
1362 1527 1482 1568 I—X
1515 1529 1727 1572 continen-

56 1600 141 1650 tur,
182 1595 286 1638 mihi
316 1599 412 1636 sunt
443 1593 738 1647 enumerandi;
779 1593 840 1636 eis
876 1594 1026 1646 quibus
1065 1595 1107 1636 in
1147 1595 1227 1636 hac
1267 1594 1451 1638 editione
1481 1595 1729 1639 adornanda

56 1675 156 1705 usus
188 1676 279 1704 sum
310 1661 524 1716 adponam
554 1661 751 1715 litteram,
783 1674 867 1713 qua
896 1661 939 1703 in
969 1665 1175 1715 apparatu
1207 1661 1349 1704 critico
1380 1662 1662 1715 significatur:

178 1733 209 1772 1.
241 1729 294 1771 R.
318 1727 451 1772 codex
470 1727 627 1782 Regius
647 1727 863 1769 Parisinus
886 1727 1171 1770 bibliothecae
1192 1729 1405 1772 maximae
1425 1730 1534 1773 inter
1554 1744 1728 1785 graecos

57 1811 124 1840 no.
150 1796 298 1849 14211)
330 1796 526 1838 foliorum
548 1797 628 1836 310
653 1795 948 1849 bombycinus,
980 1795 1159 1849 scriptus
1194 1796 1345 1839 litteris
1377 1797 1485 1840 bene
1516 1800 1728 1853 expressis

59 1876 187 1906 manu
208 1862 367 1905 saeculi
388 1862 476 1905 fere
503 1861 617 1904 XIV.
671 1862 857 1916 paginae
888 1868 986 1905 sunt
1006 1877 1205 1906 uersuum
1236 1863 1479 1907 nicenorum
1510 1878 1727 1921 senorum;

59 1948 73 1973 ι
98 1935 258 1973 mutum
288 1943 382 1972 raro
414 1928 673 1982 adscriptum
705 1934 780 1983 est,
812 1930 1026 1973 rarissime
1057 1931 1351 1986 subscriptum.
1410 1946 1574 1987 paucae
1605 1938 1730 1976 notae

59 2001 205 2041 extant
242 1997 286 2039 in
324 1996 514 2051 margine
553 1995 667 2038 haud
707 1998 1005 2040 memorabiles
1042 2002 1209 2053 praeter
1247 1999 1431 2054 capitum
1461 2014 1657 2043 numeros
1689 2006 1730 2043 et

60 2065 202 2108 uarias
222 2064 438 2107 lectiones.
490 2067 749 2106 correcturas
778 2077 857 2106 nec
877 2066 1031 2108 multas
1062 2079 1139 2108 nec
1169 2079 1322 2120 graues
1343 2080 1494 2122 passus
1516 2072 1592 2111 est.
1634 2081 1729 2110 con-

59 2132 164 2175 tinet
193 2132 324 2174 libros
345 2131 463 2173 I-X
485 2131 786 2185 antiquitatum
808 2131 1088 2176 Iudaicarum.
1140 2147 1251 2176 nune
1282 2139 1424 2176 tamen
1453 2135 1617 2187 integer
1646 2149 1729 2178 non

60 2204 145 2253 est,
189 2198 265 2241 sed
310 2203 536 2253 antequam
575 2199 618 2241 in
663 2198 966 2242 bibliothecam
1003 2200 1115 2253 regis
1152 2202 1529 2256 Francogallorum
1567 2203 1730 2245 ueniret

60 2266 173 2309 male
218 2265 388 2308 habitus
429 2270 470 2309 et
507 2266 672 2308 initium
714 2271 756 2309 et
794 2266 921 2310 finem
961 2268 1122 2321 amisit,
1163 2271 1208 2310 ut
1246 2282 1355 2311 nunc
1392 2269 1568 2324 incipiat
1605 2270 1730 2312 uol.I

59 2348 100 2389 p.
124 2336 162 2387 6,
186 2335 233 2373 21
271 2332 309 2385 (I
339 2334 364 2384 ξ
398 2334 465 2386 13)
496 2347 522 2375 a
552 2334 693 2377 uerbis
739 2329 888 2384 αὐτοῖς
927 2334 1380 2391 ἐμπεριειλημμένοις.
1442 2351 1539 2379 mox
1575 2336 1730 2380 deinde

61 2401 150 2443 alia
170 2399 252 2443 duo
274 2400 378 2442 folia
399 2400 645 2444 exciderunt
666 2416 706 2456 p.
734 2405 797 2456 16,
820 2405 843 2444 8
868 2402 907 2456 (I
929 2405 954 2455 ξ
977 2403 1048 2457 66)
1073 2399 1205 2453 ἄλλος
1228 2398 1269 2444 5³
1297 2403 1340 2445 εἴ
1357 2419 1425 2453 τις
1446 2427 1501 2432 -
1521 2418 1561 2457 p.
1585 2405 1652 2458 21,
1675 2406 1728 2445 20

60 2468 100 2522 (I
120 2469 146 2520 ἓ
167 2467 239 2521 92)
271 2465 358 2509 ἐκεῖ
386 2466 468 2522 γὰρ
502 2463 597 2523 ἆνα,
629 2474 673 2511 111
703 2475 910 2524 appareat
941 2471 1228 2524 quaternionis
1257 2471 1383 2525 primi
1414 2470 1635 2513 dimidium
1657 2485 1728 2514 ex-

61 2535 205 2588 terius,
235 2535 277 2576 h.
299 2549 335 2577 e.
366 2535 436 2578 fol.
463 2539 496 2578 1.
521 2538 558 2578 2.
582 2538 618 2578 7.
644 2539 666 2578 8
698 2537 922 2580 interiisse.
974 2536 1128 2580 desinit
1156 2538 1199 2579 in
1221 2551 1326 2581 uoce
1347 2539 1524 2591 πρῶτον
1546 2537 1605 2591 (Χ
1627 2538 1728 2591 274)

60 2603 143 2644 1101.
164 2602 207 2643 II
235 2615 276 2656 p.
300 2603 394 2656 390,
419 2606 490 2656 11,
531 2603 608 2645 sed
646 2604 732 2646 iam
770 2605 814 2646 in
851 2604 952 2647 folio
993 2605 1140 2648 ultimo
1178 2610 1221 2648 et
1250 2618 1386 2660 paene
1417 2604 1565 2647 ultimo
1596 2605 1730 2648 multa

61 2670 124 2711 ita
154 2672 250 2711 sunt
280 2670 483 2725 euanida,
524 2675 570 2713 ut
608 2670 683 2712 uix
723 2671 914 2726 intellegi
945 2672 1119 2727 possint.
1181 2672 1308 2715 etiam
1339 2672 1382 2714 in
1412 2671 1552 2714 medio
1584 2672 1729 2716 codice

61 2737 164 2780 folia
195 2735 405 2790 quaedam
436 2751 581 2781 arrosa
610 2741 726 2792 sunt,
759 2738 939 2782 aliorum
968 2740 1160 2795 margini,
1194 2752 1275 2792 quo
1298 2751 1503 2793 compago
1533 2739 1729 2783 foliorum

61 2804 218 2848 firmior
249 2804 323 2857 sit,
368 2805 514 2848 charta
543 2805 716 2849 inducta
746 2811 829 2860 est,
869 2819 953 2860 qua
981 2807 1140 2850 factum
1172 2811 1255 2859 est,
1287 2810 1332 2847 ut
1362 2806 1530 2849 litterae
1561 2820 1728 2860 quoque

177 2962 208 3001 1)
233 2959 316 2993 olim
340 2969 397 2994 no.
418 2959 638 3005 DCCCLXI,
664 2961 794 2996 deinde
821 2965 919 3006 1051,
942 2964 1071 3007 postea
1096 2964 1195 2996 2253.
