2091 3418
44 593 63 625 5

30 928 66 962 10

31 1266 67 1299 15

576 199 736 243 ANTIQ.
763 200 858 235 IUD.
887 200 918 234 11
945 202 1099 235 ‘as—104
1123 203 1216 242 (we.
1233 203 1264 240 3)
1668 200 1745 237 103

92 312 325 371 ἐπιφανεῖς
365 311 653 368 ἐκτραφῆναι,
701 312 913 355 δυσκόλου
952 316 1022 356 καὶ
1067 315 1323 368 βασιλεῦσιν
1365 311 1496 370 οἱῗσης
1539 313 1746 371 τοιαύτης

94 381 434 437 παιδοτροφίας.
494 377 606 435 ’ὑπὲρ
643 380 685 422 δὲ
721 383 795 422 τοῦ
835 383 994 436 γνῶναι
1027 380 1081 422 τὰ
1123 381 1232 423 κατὰ
1262 380 1339 423 τὴν
1379 386 1550 437 πατέρα
1587 384 1657 424 καὶ
1690 380 1744 423 τὰ

95 448 396 504 συμβεβηκότα
436 443 552 502 αὐτῷ
594 447 704 501 μετὰ
736 447 780 504 τι]
793 467 812 490 ν
844 448 960 491 ἰδίαν
993 444 1252 505 ἀπαλλαγην
1282 445 1405 491 ταῦτ’
1443 449 1631 504 ἔπραττε
1662 467 1747 503 μα-

93 519 194 558 θεῖν
223 532 270 558 τε
299 514 565 570 βουλόμενος
594 518 665 558 καὶ.
692 514 745 557 τὰ
769 519 869 571 περὶ
896 519 1107 571 Βενιαμὶν
1127 516 1204 559 τὸν
1227 513 1441 573 ἀδελφόν·
1475 517 1630 559 ἐδεδίει
1651 516 1746 572 γάρ,

91 581 149 639 μὴ
181 578 377 626 κάκεῖνον
409 580 574 637 ὁμοίιος
606 583 672 634 οἷς
711 584 773 633 εἷς
805 580 937 627 αι’-τὸν
968 582 1211 642 ἐτόλμησαν
1250 583 1337 627 εἷεν
1373 581 1745 638 ἀρἰεσκευασμένοι

91 652 168 694 τοῦ
197 653 360 706 γένους.

207 721 244 761 3.
283 718 337 761 Οἱ
370 714 411 760 δ’
440 709 548 775 ἦσαν
580 718 623 760 έν
654 722 816 775 ταραχῇ
849 722 917 762 καὶ
953 719 1080 777 φόβῳ
1110 719 1306 762 κίνδυνον
1327 719 1403 762 τὸν
1433 723 1638 775 μέγιστον
1671 715 1747 761 αὖ·

92 794 186 837 τοῖς
224 785 506 843 ἐπηρτῆσθαι
548 786 794 840 νομίζοντες
833 789 903 830 καὶ
944 788 1078 844 μηδὲν
1109 789 1210 841 περὶ
1252 783 1476 844 τάδελφοῦ
1506 786 1615 829 κατὰ
1649 789 1748 829 νοῦν

96 850 402 909 λαμβάνοντες,
424 855 716 904 καταστάντες
736 871 783 897 τε
806 854 918 910 πρὸς
938 855 1017 904 τὰς
1040 854 1185 905 αἰτίας
1207 851 1503 910 ἀπελογοῦντο
1520 852 1748 911 Ῥουβήλου

96 924 458 979 προηγοροῦντος,
493 921 541 971 ὃς
573 913 622 977 ἦν
653 923 955 978 πρεσβύτατος
986 919 1150 966 αὐτῶν·
1183 920 1336 979 ,ἡμεῖς
1366 922 1469 978 γὰρ,
1511 920 1655 973 εἶπεν,
1698 917 1747 964 οὗ

95 989 205 1033 κατὰ
228 985 402 1032 ἀδικίαν
425 990 550 1044 δεῦρο
575 987 770 1046 ἤλθομεν
792 986 891 1033 οὐδὲ
912 990 1279 1047 κακουργήσοντες
1293 990 1347 1032 τὰ
1368 991 1586 1044 βασιλέως
1607 989 1750 1045 πράγ-

95 1075 225 1112 ματα,
258 1060 459 1114 σωθῆναι
494 1058 539 1100 δὲ
572 1058 796 1114 ζητοῦντες
825 1060 895 1100 καὶ
921 1058 1173 1115 καταφυγὴν
1194 1061 1281 1100 τῶν
1303 1057 1548 1111 ἐπεχόντων
1568 1056 1646 1113 τὴν
1664 1056 1750 1110 χώ-

96 1143 177 1182 ραν
218 1126 338 1181 ημιῦν
378 1127 518 1167 κακῶν
557 1124 635 1181 την
676 1123 883 1180 ὑμετέραν
922 1128 1272 1182 φιλανθρωπίαν
1316 1123 1636 1180 ὑπολαβόντες,
1678 1124 1751 1174 οὓς

98 1189 191 1246 οὐχὶ
222 1194 429 1243 πολίταις
468 1193 621 1246 μόνοις
657 1202 750 1243 τοῖς
791 1189 954 1245 αὐτῶν,
995 1191 1106 1235 ἀλλὰ
1145 1195 1215 1236 καὶ
1258 1193 1396 1243 ξένοις
1433 1190 1644 1249 ἠκούομεν
1674 1191 1751 1248 τὴν

99 1258 260 1317 ἀγορὰν
291 1263 367 1303 τοῦ
399 1265 521 1303 σίτου
554 1264 893 1315 προτεθεικέναι
924 1263 1038 1304 πᾶσι
1068 1260 1116 1304 τὸ
1149 1261 1374 1313 σώζεσθαι
1405 1270 1498 1311 τοῖς
1530 1261 1753 1314 δεομένοις

100 1333 307 1383 παρέχειν
329 1327 629 1384 διεγνωκότας.
681 1323 749 1371 ὅτι
774 1324 815 1370 δ’
843 1328 971 1382 ἐσμὲν
1003 1327 1190 1385 ἀδελφοὶ.
1213 1331 1285 1371 καὶ
1316 1329 1462 1372 κοινὸν
1490 1326 1595 1384 ἡμῖν
1627 1327 1749 1382 αἷμα,

99 1396 289 1454 φανερὸν
326 1396 404 1450 μὲν
442 1398 512 1438 καὶ
544 1398 621 1451 τῆς
658 1398 830 1452 μορφῆς
868 1395 916 1439 τὸ
959 1396 1119 1439 οἰκεῖον
1157 1395 1316 1452 καὶμὴ
1350 1396 1463 1439 πολὺ
1496 1397 1751 1453 παρηλλαγ-

97 1467 227 1517 μένον
258 1472 393 1515 ποιεῖ,
425 1462 572 1520 πατὴρ
603 1459 644 1505 δ’
681 1462 799 1506 ἐστὶν
829 1460 932 1519 ἡμῖν
958 1460 1160 1518 Ἰάκωβος
1192 1459 1298 1518 ἀνὴρ
1326 1460 1534 1518 Ἑβραῖος,
1567 1459 1603 1520 ᾦ
1632 1463 1752 1519 γινό-

98 1536 220 1587 μεθα
252 1531 419 1573 δώδεκα
450 1531 607 1581 παῖδες
639 1530 682 1573 ἐκ
711 1533 924 1586 γυναικῶν
944 1531 1181 1586 τεσσάρων,
1215 1527 1275 1572 ὦν
1306 1531 1486 1573 πάντων
1507 1531 1752 1587 περιόντων

98 1591 204 1656 ἦμεν
237 1595 503 1652 εὐδαίμονες.
559 1594 871 1648 ἀποθανόντος
903 1598 949 1640 δὲ
980 1597 1076 1648 ἑνὸς
1107 1601 1193 1641 τῶν
1225 1594 1429 1654 ἀδελφῶν
1453 1594 1668 1655 Ἰωσήπου
1698 1597 1753 1640 τὰ

99 1667 338 1722 πράγματα
366 1663 470 1722 ἡμῖν
502 1664 574 1708 ἐπὶ
607 1664 656 1708 τὸ
687 1674 831 1718 χεῖρον
865 1667 1124 1720 μετέβαλεν·
1165 1660 1190 1707 ὅ
1219 1681 1267 1707 τε
1296 1664 1377 1720 γὰρ
1409 1664 1556 1721 πατὴρ
1586 1664 1753 1721 μακρὸν

101 1729 175 1776 ἐπ’
213 1730 329 1789 αὐτῷ
360 1736 532 1782 πένθος
560 1724 689 1788 ἦρται
727 1734 799 1775 καὶ
838 1730 963 1789 ἡμεῖς
1001 1729 1088 1775 ὗπό
1120 1749 1167 1775 τε
1199 1734 1275 1789 τῆς
1313 1731 1387 1774 ἐπὶ
1419 1734 1482 1787 τῷ
1520 1729 1755 1789 τεθνηκότι

101 1802 330 1858 συμφορᾶς
358 1802 429 1843 καὶ
451 1803 527 1857 τῆς
547 1802 624 1842 τοῦ
655 1799 900 1855 πρεσβύτου
920 1801 1229 1855 ταλαιπωρίας
1248 1801 1604 1854 κακοπαθοῦμεν.
1654 1795 1756 1856 ἤκο-

100 1871 179 1923 μέν
208 1884 255 1910 τε
296 1869 369 1911 νῦν
415 1864 486 1910 ἐπ’
524 1863 686 1923 ἀγορὰν
728 1871 850 1910 σίτου
890 1866 968 1924 τήν
998 1884 1044 1910 τε
1074 1869 1152 1910 τοῦ
1192 1866 1364 1924 πατρὸς
1397 1867 1653 1923 ἐπιμέλειαν
1683 1870 1755 1912 καὶ

211 1993 230 2034 ξ
259 1993 320 2026 100
346 2008 389 2020 =
415 1990 504 2025 Gen.
528 1989 631 2024 XLII
658 1994 709 2025 10.

213 2102 675 2139 ROMSPLELatZonaras
699 2103 716 2137 Ι
740 2115 775 2148 p.
803 2106 857 2138 48.
907 2103 1142 2139 ExcPeiresc.

215 2163 229 2194 1
258 2156 442 2205 τοιαύτης]
466 2162 536 2205 τῆσ
560 2156 738 2205 τοιαύτησ
757 2159 968 2195 MSPLExc
1061 2162 1079 2194 3
1105 2157 1290 2207 ἔπραττεν
1314 2160 1482 2195 S¹P¹Exc
1573 2164 1595 2196 4
1619 2174 1659 2198 τε
1684 2172 1712 2195 s.
1727 2161 1758 2196 L

213 2217 311 2262 περὶ]
335 2211 432 2251 κατὰ
457 2215 489 2249 Ε
597 2218 799 2262 *βενιαμῖν
823 2216 856 2251 R
878 2219 1074 2262 βενιαμεῖν
1098 2216 1217 2252 MExc
1241 2219 1424 2264 βενιαμὶν,
1453 2219 1466 2252 ὶ
1489 2227 1534 2252 ex
1558 2223 1593 2253 εῖ
1615 2227 1708 2252 corr.
1734 2217 1757 2253 S

215 2276 233 2306 5
260 2268 404 2316 ὁμοίως
428 2283 495 2307 om.
523 2271 584 2307 OL
676 2269 807 2308 εἷεν-
823 2275 842 2306 6
864 2272 1007 2319 γένους]
1032 2272 1173 2318 aliquid
1195 2272 1429 2318 deliquissent
1451 2272 1523 2308 Lat
1616 2277 1632 2307 ἰ’
1661 2271 1697 2309 οἳ
1721 2269 1758 2309 δ’

102 2327 155 2364 SP
181 2325 222 2365 οἵ
241 2323 277 2364 δ’
302 2327 473 2362 ROMLE
565 2325 718 2375 *φόβω,
743 2342 773 2364 ω
797 2339 889 2364 corr.
916 2340 961 2364 ex
987 2342 1030 2365 ov
1054 2329 1126 2364 uid.
1154 2329 1183 2364 O
1289 2330 1474 2370 κίνδυνον]
1499 2331 1562 2365 καὶ
1585 2330 1760 2365 κίνδυνον

104 2383 344 2419 OMSPLExc
436 2386 455 2417 8
479 2381 723 2431 ἐπηρτῆσθαι,
748 2385 767 2421 ἐ
790 2396 834 2420 ex
859 2396 951 2421 corr.
970 2385 1004 2420 R
1026 2383 1272 2431 ἐπηρτεῖσθαι
1297 2385 1328 2420 L
1418 2387 1481 2421 καὶ
1507 2396 1575 2421 om.
1590 2385 1668 2420 Exc

104 2441 193 2487 μηδὲ
214 2440 279 2475 Ro
372 2442 391 2473 9
417 2437 682 2486 λαμβάνοντεσ
706 2452 751 2476 ex
774 2440 965 2489 λαβόντεσ
990 2452 1082 2477 corr.
1107 2442 1138 2476 L
1231 2438 1328 2483 *τὰς
1351 2452 1418 2477 om.
1435 2441 1548 2477 LExc
1641 2437 1760 2478 *Ῥου-

105 2494 233 2543 βήλου]
264 2495 290 2530 i.
313 2505 424 2539 marg.
451 2493 597 2543 ῥουβὴμ
628 2497 656 2533 O
798 2502 837 2534 10
863 2500 1157 2546 *προηγοῦντοσ
1191 2497 1225 2532 R
1260 2500 1601 2545 προσηγοροῦντοσ
1630 2498 1670 2533 Μ

109 2556 146 2587 11
171 2549 258 2588 κατ’
286 2550 411 2587 MSPL
525 2555 646 2600 δεῦρο]
672 2554 840 2602 εἰσδεῦρο
865 2555 899 2590 R
923 2550 1179 2600 δεῦρ’·ΜὸΡΙι
1283 2551 1615 2600 κακουργήσαντεσ
1638 2555 1670 2590 L

110 2611 150 2644 12
175 2610 381 2654 ζητοῦντες]
404 2605 607 2655 χρῄζοντες
630 2610 757 2645 MSPL
782 2616 927 2657 eqentes
950 2611 1021 2646 Lat
1138 2613 1177 2645 13
1204 2606 1280 2652 οὓς]
1307 2606 1355 2646 ὅσ
1377 2610 1457 2645 Exc
1573 2613 1616 2646 14
1638 2609 1761 2655 μόνον

107 2663 315 2699 MSPLExc
386 2667 426 2699 15
449 2666 724 2712 προτεθηκέναι
747 2667 782 2702 R
850 2665 1055 2711 σώιζεσθαι
1071 2666 1095 2702 S
1167 2669 1205 2701 17
1231 2666 1311 2710 μὲν]
1336 2666 1374 2702 δὲ
1397 2666 1527 2711 MExc,
1544 2677 1612 2702 om.
1638 2667 1670 2703 L

110 2723 151 2755 18
175 2717 277 2756 ἔστιν
301 2719 402 2755 codd·
494 2719 692 2767 γινόμεθα,
719 2720 740 2760 ό
758 2734 804 2758 ex
820 2721 849 2759 (ό
867 2724 890 2759 S
916 2718 1108 2770 γενόμεθα
1130 2722 1252 2757 MExc
1275 2722 1462 2757 extitimus
1483 2722 1555 2758 Lat
1650 2726 1690 2757 19
1708 2716 1762 2759 ὦν

107 2787 175 2812 om.
201 2775 232 2810 L
323 2772 534 2821 περιόντων
558 2789 626 2813 om.
650 2779 681 2814 L
782 2782 824 2815 20
850 2775 1104 2816 οἷποθανότοσ
1128 2779 1168 2813 Μ
1259 2775 1430 2825 ἰωσήφου
1452 2779 1483 2813 L
1576 2782 1618 2815 21
1644 2776 1761 2827 πράγ-

106 2826 204 2876 μαθ’
222 2830 275 2866 SP
383 2834 425 2866 22
447 2827 570 2881 ἦρται]
594 2835 744 2871 Ernesti
767 2829 899 2883 ἥρηται
923 2835 1084 2871 ROMSP
1108 2829 1241 2881 ἦρκται
1265 2834 1377 2870 LExc
1393 2835 1587 2880 protrahit
1599 2836 1673 2871 Lat

106 2884 193 2929 ὖπό]
219 2886 255 2922 οἳ
278 2883 323 2923 τό
348 2887 427 2924 Exc
517 2903 558 2927 τε
582 2898 651 2926 om.
668 2892 708 2926 M
799 2895 864 2937 τῆς
886 2890 946 2928 ἐπὶ
971 2902 1039 2926 om.
1058 2890 1092 2925 R
1183 2893 1224 2925 23
1250 2893 1329 2932 τοῦ]
1353 2888 1414 2927 ἐπὶ
1438 2894 1507 2928 τοῦ
1528 2891 1560 2926 L
1654 2894 1698 2926 24
1722 2905 1762 2928 τε

107 2947 185 2986 νῦν]
209 2943 320 2989 iqitur
343 2943 414 2980 Lat

1777 386 1800 423 9
1805 384 1829 423 9

1783 723 1831 762 10

1784 927 1832 965 11]

1785 1332 1835 1370 10

1788 1601 1837 1640 10

1789 1805 1838 1843 10

1837 722 1859 761 0

1841 927 1857 964 1

1840 1330 1863 1369 2

1843 1601 1865 1640 3

1844 1805 1868 1843 4
