2060 3475
522 1012 815 1068 ADDENDA
852 1011 928 1067 ΕΤ
966 1012 1360 1070 OORRIGENDA.

218 1295 311 1337 Non
351 1308 416 1338 me
456 1295 560 1348 fugit
599 1296 640 1338 in
681 1294 760 1338 hae
798 1295 981 1338 editione
1020 1295 1211 1339 subsidia
1252 1296 1397 1339 critica
1442 1310 1522 1339 non
1569 1298 1628 1339 ita
1669 1311 1763 1342 esse

104 1363 303 1417 collecta,
343 1367 387 1405 ut
417 1362 521 1406 nihil
553 1363 826 1407 desideretur.
877 1365 1082 1420 imprimis
1115 1368 1243 1408 testes
1275 1378 1366 1419 eos,
1399 1365 1469 1418 qui
1500 1371 1667 1419 praeter
1699 1381 1763 1409 co-

104 1431 220 1474 dices
250 1444 376 1474 manu
409 1435 605 1474 exaratos
628 1432 796 1488 Iosephi
827 1433 957 1476 uerba
988 1432 1252 1475 tradiderunt
1282 1445 1416 1485 eoque
1448 1433 1510 1475 usi
1540 1437 1637 1476 sunt
1666 1447 1762 1477 aue-

103 1503 203 1552 tore,
237 1499 437 1542 confiteor
458 1514 523 1542 me
545 1513 627 1542 uon
653 1499 797 1542 dedita
828 1514 955 1555 opera
981 1500 1222 1555 collegisse3
1256 1499 1406 1553 quodsi
1427 1500 1654 1543 noluissem
1677 1516 1762 1544 om-

103 1568 217 1610 nium
246 1568 333 1611 fere
362 1568 609 1622 scriptorum
639 1569 1017 1611 ecclesiasticorum
1050 1568 1265 1611 uolumina
1295 1569 1582 1623 percensenda
1621 1574 1762 1625 erant3

103 1636 179 1679 sed
211 1649 283 1679 eos
306 1649 359 1678 ex
380 1636 583 1678 Bernardi
611 1637 886 1691 Hudsonique
918 1636 1050 1691 copiis
1080 1637 1241 1691 sumpsi
1271 1635 1428 1678 additis
1460 1636 1520 1678 eis
1553 1649 1660 1689 quae
1691 1644 1764 1681 aut

102 1704 193 1759 ipse
224 1704 477 1756 inuestigaui
509 1710 581 1747 aut
611 1705 665 1746 ab
697 1704 792 1747 aliis
824 1704 1005 1760 comperi
1038 1708 1110 1746 aut
1139 1703 1245 1746 forte
1276 1704 1443 1747 fortuna
1471 1703 1623 1747 inueni.
1686 1705 1763 1748 sed

103 1773 251 1815 horum
274 1785 440 1825 quoque
468 1772 676 1825 quaedam
700 1773 740 1814 in
773 1773 956 1816 editione
986 1770 1178 1826 paranda
1208 1771 1428 1826 praeterii;
1458 1771 1586 1825 igitur
1606 1773 1763 1816 omissa

102 1839 312 1883 addantur
341 1840 547 1893 simulque
578 1841 664 1883 alia
695 1845 869 1895 peccata
899 1840 1171 1893 corrigantur.

838 2008 960 2052 VOL.
983 2010 1015 2052 Ι.

98 2111 212 2157 praef.
239 2123 274 2157 p.
299 2110 389 2145 XIII
414 2122 447 2145 ιι.
479 2113 516 2145 16
541 2120 695 2155 repone:
721 2112 949 2144 memoretur.

241 2195 256 2208 „
298 2167 377 2211 XX,
406 2170 445 2202 19
470 2177 592 2202 errore
615 2167 787 2202 iteratum
810 2167 965 2212 singula.

240 2251 255 2264 „
295 2223 364 2258 XX
389 2224 493 2259 adde
514 2223 551 2257 in
576 2223 742 2258 Parisino
777 2225 860 2258 1418
891 2223 983 2258 libro
1017 2223 1068 2257 XI
1101 2222 1314 2267 inscriptum
1345 2233 1423 2257 esse
1452 2221 1630 2259 ἐντεῦθεν
1663 2219 1759 2270 ἁρχὴ

368 2282 432 2326 τῆς
455 2281 594 2327 βίβλου
618 2282 683 2326 τῆς
707 2279 891 2326 δευτέρας.

239 2364 254 2378 ,,
295 2337 396 2372 XXX
421 2349 455 2372 u.
485 2340 523 2372 12
547 2347 705 2382 repone:
731 2336 1022 2381 antiquitatibus.

240 2422 254 2435 „
297 2393 430 2436 XLIII,
456 2397 474 2428 5
500 2393 545 2429 ab
571 2394 641 2429 imo
665 2396 750 2439 post
774 2393 1007 2428 consentiunt
1030 2403 1124 2438 pone
1150 2403 1298 2427 comma.

97 2521 131 2554 p.
159 2510 177 2541 3
203 2519 237 2543 u.
266 2509 372 2541 9-11
401 2506 438 2540 in
464 2506 501 2540 M
527 2508 696 2551 quartum
720 2509 833 2551 caput
856 2506 953 2543 infra
976 2507 1015 2542 in
1038 2506 1199 2551 margine
1233 2508 1350 2548 extat,
1384 2505 1478 2539 unde
1503 2506 1593 2540 haec
1619 2506 1759 2541 enotari

277 2566 447 2609 possunt:
474 2567 493 2598 9
521 2562 541 2599 ὁ
567 2560 716 2610 πύργοσ
741 2564 850 2598 etiam
869 2563 908 2598 M
978 2561 1203 2608 ω’κοδόμουν
1227 2560 1291 2608 ἐφ’
1308 2557 1414 2607 ὕβρει
1440 2564 1507 2597 τοῦ
1532 2565 1626 2598 θεοῦ
1650 2563 1758 2598 etiam

278 2620 317 2654 M
413 2623 451 2654 10
479 2615 498 2655 ὁ
525 2617 678 2667 πύργος]
705 2617 761 2656 ὠσ
787 2618 808 2657 ὁ
835 2618 982 2666 πύργοσ
1007 2620 1057 2654 Μ.

100 2706 114 2718 ,,
158 2682 190 2722 4,
218 2682 257 2713 10
282 2677 319 2712 in
344 2677 422 2711 cod.
438 2676 548 2711 Laur.
573 2677 622 2721 pl.
643 2680 726 2721 66,1
755 2679 871 2712 extat:
898 2678 1055 2712 continet
1080 2680 1196 2711 aulem
1221 2674 1278 2709 Ιιίο
1304 2674 1391 2709 liber
1416 2679 1553 2719 tempus
1578 2685 1756 2710 annorum

278 2734 385 2768 duum
410 2733 544 2768 milium
571 2734 720 2779 triqinta
745 2734 850 2768 trium
876 2734 956 2768 Lat.

99 2820 114 2834 ,.
158 2796 190 2837 5,
217 2795 255 2827 17
281 2787 405 2836 ἐπειδὴ
430 2790 467 2824 in
485 2789 778 2835 Hennebergensi
802 2792 875 2834 est3
901 2799 1010 2835 quare
1034 2788 1157 2823 nescio
1182 2798 1228 2822 an
1244 2786 1327 2823 ἐπεὶ
1343 2787 1442 2822 haud
1459 2789 1559 2822 recte
1577 2786 1755 2832 epitomae

278 2847 492 2883 attributum
516 2847 573 2882 sit.

100 2932 116 2945 „
158 2908 189 2949 6,
215 2907 256 2939 25
281 2910 363 2946 τοῖς
385 2903 455 2947 μὲν
473 2923 517 2928 -
538 2907 568 2948 7,
590 2907 611 2937 4
636 2901 900 2940 σπουδάσωσιν
924 2902 1117 2946 exscripsit
1140 2901 1215 2936 Ioh.
1235 2900 1482 2935 Damascenus
1505 2900 1632 2945 parall.
1661 2911 1754 2936 sacr.

277 2963 375 3001 (tom.
388 2959 424 2994 11
448 2971 483 3004 p.
498 2962 563 2994 458
589 2960 643 2994 ed.
663 2959 778 2995 Paris.
808 2963 917 3003 1712),
943 2960 1039 2994 unde
1063 2958 1227 2993 enotaui:
1254 2960 1295 2991 26
1322 2956 1431 3002 πέρα]
1458 2953 1561 3003 παρὰ
1631 2969 1666 3002 p.
1682 2961 1714 2999 7,
1737 2961 1748 2991 l

276 3015 512 3062 εὐδαιμονίας
604 3012 638 3052 δ’
657 3014 716 3058 c‘c'v]
741 3016 779 3053 δὲ
805 3010 860 3052 αὖ.

163 3084 301 3119 Iosephus
318 3085 341 3112 L
1450 3068 1481 3104 F
