<?xml version="1.0" encoding="UTF-8"?>
<!DOCTYPE html PUBLIC "-//W3C//DTD XHTML 1.0 Transitional//EN"
    "http://www.w3.org/TR/xhtml1/DTD/xhtml1-transitional.dtd">
<html xmlns="http://www.w3.org/1999/xhtml" xml:lang="en" lang="en">
 <head>
  <title>
</title>
<meta http-equiv="Content-Type" content="text/html;charset=utf-8" />
  <meta name='ocr-system' content='tesseract 3.04.00' />
  <meta name='ocr-capabilities' content='ocr_page ocr_carea ocr_par ocr_line ocrx_word'/>
</head>
<body>
  <div class='ocr_page' id='page_1' title='image "./operajosephus01joseuoft_0435.png"; bbox 0 0 2091 3418; ppageno 0'>
   <div class='ocr_carea' id='block_1_1' title="bbox 544 159 1753 204">
    <p class='ocr_par' dir='ltr' id='par_1_1' title="bbox 544 159 1753 204">
     <span class='ocr_line' id='line_1_1' title="bbox 544 159 1753 204; baseline 0.002 -9"><span class='ocrx_word' id='word_1_1' title='bbox 544 160 703 204; x_wconf 77' lang='lat' dir='ltr'><strong>ANTIQ.</strong></span> <span class='ocrx_word' id='word_1_2' title='bbox 730 160 826 195; x_wconf 86' lang='lat' dir='ltr'><strong>IUD.</strong></span> <span class='ocrx_word' id='word_1_3' title='bbox 852 160 883 195; x_wconf 91' lang='lat' dir='ltr'><strong>V</strong></span> <span class='ocrx_word' id='word_1_4' title='bbox 908 162 1086 195; x_wconf 71' lang='lat'><em>259-264</em></span> <span class='ocrx_word' id='word_1_5' title='bbox 1109 162 1308 202; x_wconf 68' lang='lat' dir='ltr'><strong>(vus-10)</strong></span> <span class='ocrx_word' id='word_1_6' title='bbox 1675 159 1753 198; x_wconf 76' lang='lat'><em>343</em></span> 
     </span>
    </p>
   </div>
   <div class='ocr_carea' id='block_1_2' title="bbox 94 269 1755 533">
    <p class='ocr_par' dir='ltr' id='par_1_2' title="bbox 94 269 1755 533">
     <span class='ocr_line' id='line_1_2' title="bbox 98 269 1754 331; baseline 0 -15"><span class='ocrx_word' id='word_1_7' title='bbox 98 270 209 316; x_wconf 75' lang='grc' dir='ltr'><em>ἀλλὰ</em></span> <span class='ocrx_word' id='word_1_8' title='bbox 242 273 362 324; x_wconf 81' lang='grc' dir='ltr'><em>ξένον</em></span> <span class='ocrx_word' id='word_1_9' title='bbox 402 274 502 327; x_wconf 82' lang='grc' dir='ltr'><em>περὶ</em></span> <span class='ocrx_word' id='word_1_10' title='bbox 533 272 611 330; x_wconf 69' lang='grc' dir='ltr'><em>την</em></span> <span class='ocrx_word' id='word_1_11' title='bbox 649 276 814 331; x_wconf 83' lang='grc' dir='ltr'><em>μητέρα</em></span> <span class='ocrx_word' id='word_1_12' title='bbox 855 269 914 316; x_wconf 78' lang='grc' dir='ltr'><em>δι’</em></span> <span class='ocrx_word' id='word_1_13' title='bbox 943 272 1149 329; x_wconf 74' lang='grc' dir='ltr'><em>ἐρωτικὴν</em></span> <span class='ocrx_word' id='word_1_14' title='bbox 1191 272 1439 327; x_wconf 71' lang='grc' dir='ltr'><em>ἐπιθυμίαν</em></span> <span class='ocrx_word' id='word_1_15' title='bbox 1478 272 1754 327; x_wconf 77' lang='grc' dir='ltr'><em>ἐπαχθεῖσαν</em></span> 
     </span>
     <span class='ocr_line' id='line_1_3' title="bbox 98 336 1754 398; baseline 0.001 -15"><span class='ocrx_word' id='word_1_16' title='bbox 98 337 246 392; x_wconf 80' lang='grc' dir='ltr'><em>αὐτοῖς</em></span> <span class='ocrx_word' id='word_1_17' title='bbox 280 338 364 384; x_wconf 72' lang='grc' dir='ltr'><em>ὑπὸ</em></span> <span class='ocrx_word' id='word_1_18' title='bbox 396 343 473 383; x_wconf 83' lang='grc' dir='ltr'><em>τοῦ</em></span> <span class='ocrx_word' id='word_1_19' title='bbox 505 340 675 394; x_wconf 84' lang='grc' dir='ltr'><em>πατρὸς</em></span> <span class='ocrx_word' id='word_1_20' title='bbox 703 340 907 395; x_wconf 63' lang='grc' dir='ltr'><em>ἐξέβαλον</em></span> <span class='ocrx_word' id='word_1_21' title='bbox 929 341 1340 398; x_wconf 64' lang='grc' dir='ltr'><em>καταφρονήσαντες</em></span> <span class='ocrx_word' id='word_1_22' title='bbox 1359 344 1436 398; x_wconf 70' lang='grc' dir='ltr'><em>της</em></span> <span class='ocrx_word' id='word_1_23' title='bbox 1457 336 1591 383; x_wconf 65' lang='grc' dir='ltr'><em>αὐτοῦ</em></span> <span class='ocrx_word' id='word_1_24' title='bbox 1615 336 1754 384; x_wconf 77' lang='grc' dir='ltr'><em>ἀσθε-</em></span> 
     </span>
     <span class='ocr_line' id='line_1_4' title="bbox 97 406 1754 465; baseline 0 -14"><span class='ocrx_word' id='word_1_25' title='bbox 97 413 228 459; x_wconf 81' lang='grc' dir='ltr'><em>νείας.</em></span> <span class='ocrx_word' id='word_1_26' title='bbox 279 411 351 452; x_wconf 87' lang='grc' dir='ltr'><em>καὶ</em></span> <span class='ocrx_word' id='word_1_27' title='bbox 377 406 400 451; x_wconf 82' lang='grc' dir='ltr'><em>ὖ</em></span> <span class='ocrx_word' id='word_1_28' title='bbox 431 408 510 462; x_wconf 81' lang='grc' dir='ltr'><em>μὲν</em></span> <span class='ocrx_word' id='word_1_29' title='bbox 543 409 756 463; x_wconf 64' lang='grc' dir='ltr'><em>διείριβεν</em></span> <span class='ocrx_word' id='word_1_30' title='bbox 789 409 832 452; x_wconf 76' lang='grc' dir='ltr'><em>ἒν</em></span> <span class='ocrx_word' id='word_1_31' title='bbox 863 411 915 465; x_wconf 67' lang='grc' dir='ltr'><em>τῇ</em></span> <span class='ocrx_word' id='word_1_32' title='bbox 939 409 1198 452; x_wconf 82' lang='grc' dir='ltr'><em>Γαλαδίτιδι</em></span> <span class='ocrx_word' id='word_1_33' title='bbox 1228 410 1469 465; x_wconf 72' lang='grc' dir='ltr'><em>καλουμένῃ</em></span> <span class='ocrx_word' id='word_1_34' title='bbox 1488 408 1609 465; x_wconf 70' lang='grc' dir='ltr'><em>χώρᾳ</em></span> <span class='ocrx_word' id='word_1_35' title='bbox 1641 408 1754 452; x_wconf 85' lang='grc' dir='ltr'><em>πάν-</em></span> 
     </span>
     <span class='ocr_line' id='line_1_5' title="bbox 94 472 1755 533; baseline 0.002 -15"><span class='ocrx_word' id='word_1_36' title='bbox 94 493 174 527; x_wconf 92' lang='grc' dir='ltr'><em>τας</em></span> <span class='ocrx_word' id='word_1_37' title='bbox 204 475 307 527; x_wconf 78' lang='grc' dir='ltr'><em>τοὺς</em></span> <span class='ocrx_word' id='word_1_38' title='bbox 336 473 590 519; x_wconf 71' lang='grc' dir='ltr'><em>ὁποθενοῦν</em></span> <span class='ocrx_word' id='word_1_39' title='bbox 622 480 998 533; x_wconf 54' lang='grc' dir='ltr'><em>κιαραγινομείυυς</em></span> <span class='ocrx_word' id='word_1_40' title='bbox 1029 475 1142 531; x_wconf 79' lang='grc' dir='ltr'><em>πρὸς</em></span> <span class='ocrx_word' id='word_1_41' title='bbox 1178 472 1310 519; x_wconf 70' lang='grc' dir='ltr'><em>αὖτὸν</em></span> <span class='ocrx_word' id='word_1_42' title='bbox 1341 476 1414 519; x_wconf 78' lang='grc' dir='ltr'><em>ἐπὶ</em></span> <span class='ocrx_word' id='word_1_43' title='bbox 1447 479 1601 532; x_wconf 68' lang='grc' dir='ltr'><em>μισθῷ</em></span> <span class='ocrx_word' id='word_1_44' title='bbox 1634 477 1755 530; x_wconf 85' lang='grc' dir='ltr'><em>δεχό-</em></span> 
     </span>
    </p>
   </div>
   <div class='ocr_carea' id='block_1_3' title="bbox 47 540 1754 600">
    <p class='ocr_par' dir='ltr' id='par_1_3' title="bbox 47 540 1754 600">
     <span class='ocr_line' id='line_1_6' title="bbox 47 540 1754 600; baseline 0.002 -15"><span class='ocrx_word' id='word_1_45' title='bbox 47 554 66 585; x_wconf 82' lang='grc'><strong>5</strong></span> <span class='ocrx_word' id='word_1_46' title='bbox 94 560 236 598; x_wconf 88' lang='grc' dir='ltr'><em>μενος.</em></span> <span class='ocrx_word' id='word_1_47' title='bbox 289 542 678 600; x_wconf 64' lang='grc' dir='ltr'><em>ἐκλιπαρησάντων</em></span> <span class='ocrx_word' id='word_1_48' title='bbox 715 541 758 586; x_wconf 76' lang='grc' dir='ltr'><em>δ’</em></span> <span class='ocrx_word' id='word_1_49' title='bbox 786 540 929 587; x_wconf 66' lang='grc' dir='ltr'><em>αὐτῶν</em></span> <span class='ocrx_word' id='word_1_50' title='bbox 959 545 1030 587; x_wconf 87' lang='grc' dir='ltr'><em>καὶ</em></span> <span class='ocrx_word' id='word_1_51' title='bbox 1063 540 1321 598; x_wconf 79' lang='grc' dir='ltr'>ὀμοσάντων</span> <span class='ocrx_word' id='word_1_52' title='bbox 1353 543 1416 593; x_wconf 86' lang='grc' dir='ltr'><em>εἰς</em></span> <span class='ocrx_word' id='word_1_53' title='bbox 1447 540 1515 586; x_wconf 76' lang='grc' dir='ltr'><em>ἀεὶ</em></span> <span class='ocrx_word' id='word_1_54' title='bbox 1547 544 1754 599; x_wconf 82' lang='grc' dir='ltr'><em>παρέξειν</em></span> 
     </span>
    </p>
   </div>
   <div class='ocr_carea' id='block_1_4' title="bbox 25 889 62 922">
    <p class='ocr_par' dir='ltr' id='par_1_4' title="bbox 25 889 62 922">
     <span class='ocr_line' id='line_1_7' title="bbox 25 889 62 922; baseline 0 0"><span class='ocrx_word' id='word_1_55' title='bbox 25 889 62 922; x_wconf 91' lang='grc'><em>10</em></span> 
     </span>
    </p>
   </div>
   <div class='ocr_carea' id='block_1_5' title="bbox 24 1227 62 1260">
    <p class='ocr_par' dir='ltr' id='par_1_5' title="bbox 24 1227 62 1260">
     <span class='ocr_line' id='line_1_8' title="bbox 24 1227 62 1260; baseline 0 0"><span class='ocrx_word' id='word_1_56' title='bbox 24 1227 62 1260; x_wconf 84' lang='grc'><em>15</em></span> 
     </span>
    </p>
   </div>
   <div class='ocr_carea' id='block_1_6' title="bbox 86 607 1754 1888">
    <p class='ocr_par' dir='ltr' id='par_1_6' title="bbox 95 607 856 667">
     <span class='ocr_line' id='line_1_9' title="bbox 95 607 856 667; baseline 0 -13"><span class='ocrx_word' id='word_1_57' title='bbox 95 607 211 667; x_wconf 74' lang='grc' dir='ltr'><em>αὐτῷ</em></span> <span class='ocrx_word' id='word_1_58' title='bbox 242 610 320 654; x_wconf 59' lang='grc' dir='ltr'><em>τΐν</em></span> <span class='ocrx_word' id='word_1_59' title='bbox 349 608 582 666; x_wconf 83' lang='grc' dir='ltr'><em>ἡγεμονίαν</em></span> <span class='ocrx_word' id='word_1_60' title='bbox 615 611 856 667; x_wconf 72' lang='grc' dir='ltr'><strong><em>ἐστράτευε.</em></strong></span> 
     </span>
    </p>

    <p class='ocr_par' dir='ltr' id='par_1_7' title="bbox 90 675 1754 1346">
     <span class='ocr_line' id='line_1_10' title="bbox 207 675 1753 736; baseline 0.001 -15"><span class='ocrx_word' id='word_1_61' title='bbox 207 682 244 721; x_wconf 88' lang='grc'><em>9.</em></span> <span class='ocrx_word' id='word_1_62' title='bbox 277 680 365 721; x_wconf 85' lang='grc' dir='ltr'><em>Καὶ</em></span> <span class='ocrx_word' id='word_1_63' title='bbox 398 680 699 736; x_wconf 85' lang='grc' dir='ltr'><em>ποιησάμενος</em></span> <span class='ocrx_word' id='word_1_64' title='bbox 730 675 875 730; x_wconf 75' lang='grc' dir='ltr'><em>ὀξεῖαν</em></span> <span class='ocrx_word' id='word_1_65' title='bbox 906 678 982 735; x_wconf 81' lang='grc' dir='ltr'><em>τὴν</em></span> <span class='ocrx_word' id='word_1_66' title='bbox 1013 681 1099 722; x_wconf 77' lang='grc' dir='ltr'><em>τῶν</em></span> <span class='ocrx_word' id='word_1_67' title='bbox 1132 678 1403 734; x_wconf 79' lang='grc' dir='ltr'><em>πραγμάτων</em></span> <span class='ocrx_word' id='word_1_68' title='bbox 1431 677 1686 733; x_wconf 80' lang='grc' dir='ltr'><em>ἐπιμέλειαν</em></span> <span class='ocrx_word' id='word_1_69' title='bbox 1710 680 1753 722; x_wconf 80' lang='grc' dir='ltr'><em>έν</em></span> 
     </span>
     <span class='ocr_line' id='line_1_11' title="bbox 93 745 1754 804; baseline 0.001 -16"><span class='ocrx_word' id='word_1_70' title='bbox 93 746 224 789; x_wconf 87' lang='grc' dir='ltr'><em>πόλει</em></span> <span class='ocrx_word' id='word_1_71' title='bbox 246 750 489 804; x_wconf 65' lang='grc' dir='ltr'><em>ΖΠασφαθῄ</em></span> <span class='ocrx_word' id='word_1_72' title='bbox 517 752 711 798; x_wconf 79' lang='grc' dir='ltr'><em>καθίσας</em></span> <span class='ocrx_word' id='word_1_73' title='bbox 740 746 817 790; x_wconf 88' lang='grc' dir='ltr'><em>τὸν</em></span> <span class='ocrx_word' id='word_1_74' title='bbox 849 745 1037 802; x_wconf 81' lang='grc' dir='ltr'><em>στρατὸν</em></span> <span class='ocrx_word' id='word_1_75' title='bbox 1068 750 1310 800; x_wconf 73' lang='grc' dir='ltr'><em>πρεσβείαν</em></span> <span class='ocrx_word' id='word_1_76' title='bbox 1340 749 1511 799; x_wconf 87' lang='grc' dir='ltr'><em>πέμπει</em></span> <span class='ocrx_word' id='word_1_77' title='bbox 1532 746 1656 802; x_wconf 81' lang='grc' dir='ltr'><em>παρὰ</em></span> <span class='ocrx_word' id='word_1_78' title='bbox 1676 747 1754 790; x_wconf 82' lang='grc' dir='ltr'><em>τὸν</em></span> 
     </span>
     <span class='ocr_line' id='line_1_12' title="bbox 91 809 1754 872; baseline 0.001 -16"><span class='ocrx_word' id='word_1_79' title='bbox 91 809 361 872; x_wconf 73' lang='grc' dir='ltr'><em>Ἀμμανίτην</em></span> <span class='ocrx_word' id='word_1_80' title='bbox 393 814 655 868; x_wconf 82' lang='grc' dir='ltr'><em>αιτιιόιιενος</em></span> <span class='ocrx_word' id='word_1_81' title='bbox 675 817 752 871; x_wconf 73' lang='grc' dir='ltr'><em>τῆς</em></span> <span class='ocrx_word' id='word_1_82' title='bbox 785 812 1004 864; x_wconf 77' lang='grc' dir='ltr'><em>ἁλώσεως.</em></span> <span class='ocrx_word' id='word_1_83' title='bbox 1056 810 1077 856; x_wconf 85' lang='grc' dir='ltr'>ὁ</span> <span class='ocrx_word' id='word_1_84' title='bbox 1113 813 1158 856; x_wconf 81' lang='grc' dir='ltr'><em>δὲ</em></span> <span class='ocrx_word' id='word_1_85' title='bbox 1182 809 1293 857; x_wconf 76' lang='grc' dir='ltr'><em>ἀντι</em></span> <span class='ocrx_word' id='word_1_86' title='bbox 1290 817 1469 868; x_wconf 78' lang='grc' dir='ltr'><em>ιέιιψας</em></span> <span class='ocrx_word' id='word_1_87' title='bbox 1489 809 1644 870; x_wconf 70' lang='grc' dir='ltr'><em>ἦτιᾶτο</em></span> <span class='ocrx_word' id='word_1_88' title='bbox 1666 817 1754 857; x_wconf 77' lang='grc' dir='ltr'><em>τῶν</em></span> 
     </span>
     <span class='ocr_line' id='line_1_13' title="bbox 86 877 1754 960; baseline 0 -35"><span class='ocrx_word' id='word_1_89' title='bbox 86 877 367 960; x_wconf 72' lang='grc' dir='ltr'><em>Ἰσραηλιτῶν</em></span> <span class='ocrx_word' id='word_1_90' title='bbox 397 900 475 938; x_wconf 85' lang='grc' dir='ltr'><em>την</em></span> <span class='ocrx_word' id='word_1_91' title='bbox 507 882 656 932; x_wconf 72' lang='grc' dir='ltr'><em>ἔξοδον</em></span> <span class='ocrx_word' id='word_1_92' title='bbox 686 900 764 937; x_wconf 72' lang='grc' dir='ltr'><em>την</em></span> <span class='ocrx_word' id='word_1_93' title='bbox 797 877 878 924; x_wconf 72' lang='grc' dir='ltr'><em>ἀπ’</em></span> <span class='ocrx_word' id='word_1_94' title='bbox 907 881 1145 938; x_wconf 81' lang='grc' dir='ltr'><em>Αιγὺπτου</em></span> <span class='ocrx_word' id='word_1_95' title='bbox 1176 883 1247 924; x_wconf 85' lang='grc' dir='ltr'><em>καὶ</em></span> <span class='ocrx_word' id='word_1_96' title='bbox 1279 898 1355 937; x_wconf 67' lang='grc' dir='ltr'><em>τῖς</em></span> <span class='ocrx_word' id='word_1_97' title='bbox 1378 877 1644 960; x_wconf 73' lang='grc' dir='ltr'><em>Άιιορραίας</em></span> <span class='ocrx_word' id='word_1_98' title='bbox 1676 878 1754 925; x_wconf 72' lang='grc' dir='ltr'><em>αὖ·</em></span> 
     </span>
     <span class='ocr_line' id='line_1_14' title="bbox 92 944 1753 1006; baseline 0.001 -15"><span class='ocrx_word' id='word_1_99' title='bbox 92 948 196 1000; x_wconf 79' lang='grc' dir='ltr'><em>τοὺς</em></span> <span class='ocrx_word' id='word_1_100' title='bbox 234 945 357 1005; x_wconf 77' lang='grc' dir='ltr'><em>ἠξίοι</em></span> <span class='ocrx_word' id='word_1_101' title='bbox 399 959 678 1006; x_wconf 87' lang='grc' dir='ltr'><em>παραχωρεῖι</em></span> <span class='ocrx_word' id='word_1_102' title='bbox 718 947 777 1000; x_wconf 76' lang='grc' dir='ltr'><em>(ὗς</em></span> <span class='ocrx_word' id='word_1_103' title='bbox 818 966 1030 1006; x_wconf 78' lang='grc' dir='ltr'><em>πατρῳας</em></span> <span class='ocrx_word' id='word_1_104' title='bbox 1070 946 1202 1006; x_wconf 65' lang='lat' dir='ltr'><em>055ng</em></span> <span class='ocrx_word' id='word_1_105' title='bbox 1244 944 1449 1005; x_wconf 76' lang='grc' dir='ltr'><em>ἀρχῆθεν.</em></span> <span class='ocrx_word' id='word_1_106' title='bbox 1511 946 1753 1004; x_wconf 84' lang='grc' dir='ltr'><em>αποκρινά-</em></span> 
     </span>
     <span class='ocr_line' id='line_1_15' title="bbox 92 1013 1753 1075; baseline 0 -16"><span class='ocrx_word' id='word_1_107' title='bbox 92 1033 222 1071; x_wconf 91' lang='grc' dir='ltr'><em>μενος</em></span> <span class='ocrx_word' id='word_1_108' title='bbox 254 1017 299 1059; x_wconf 76' lang='grc' dir='ltr'><em>δὲ</em></span> <span class='ocrx_word' id='word_1_109' title='bbox 330 1014 352 1059; x_wconf 85' lang='grc' dir='ltr'>ὁ</span> <span class='ocrx_word' id='word_1_110' title='bbox 374 1013 570 1075; x_wconf 79' lang='grc' dir='ltr'><em>Ἰαφθᾶς,</em></span> <span class='ocrx_word' id='word_1_111' title='bbox 602 1015 661 1068; x_wconf 76' lang='grc' dir='ltr'><em>ιῦς</em></span> <span class='ocrx_word' id='word_1_112' title='bbox 692 1014 792 1060; x_wconf 74' lang='grc' dir='ltr'><em>οὔτε</em></span> <span class='ocrx_word' id='word_1_113' title='bbox 822 1020 898 1074; x_wconf 84' lang='grc' dir='ltr'><em>τῆς</em></span> <span class='ocrx_word' id='word_1_114' title='bbox 925 1013 1186 1073; x_wconf 72' lang='grc' dir='ltr'><em>Ἀμορραίας</em></span> <span class='ocrx_word' id='word_1_115' title='bbox 1217 1026 1311 1067; x_wconf 89' lang='grc' dir='ltr'><em>τοῖς</em></span> <span class='ocrx_word' id='word_1_116' title='bbox 1341 1016 1578 1072; x_wconf 84' lang='grc' dir='ltr'><em>προγόνοις</em></span> <span class='ocrx_word' id='word_1_117' title='bbox 1611 1013 1753 1060; x_wconf 74' lang='grc' dir='ltr'><em>αὐτῶν</em></span> 
     </span>
     <span class='ocr_line' id='line_1_16' title="bbox 94 1080 1753 1142; baseline 0.001 -16"><span class='ocrx_word' id='word_1_118' title='bbox 94 1080 283 1139; x_wconf 77' lang='grc' dir='ltr'><em>εὐλόγως</em></span> <span class='ocrx_word' id='word_1_119' title='bbox 315 1083 544 1140; x_wconf 76' lang='grc' dir='ltr'><em>ἐγκαλοῦσι</em></span> <span class='ocrx_word' id='word_1_120' title='bbox 571 1085 698 1140; x_wconf 81' lang='grc' dir='ltr'><em>χάριν</em></span> <span class='ocrx_word' id='word_1_121' title='bbox 728 1103 776 1128; x_wconf 91' lang='grc' dir='ltr'><em>τε</em></span> <span class='ocrx_word' id='word_1_122' title='bbox 811 1087 980 1140; x_wconf 82' lang='grc' dir='ltr'><em>μᾶλλον</em></span> <span class='ocrx_word' id='word_1_123' title='bbox 1009 1087 1086 1142; x_wconf 72' lang='grc' dir='ltr'><em>τῆς</em></span> <span class='ocrx_word' id='word_1_124' title='bbox 1116 1081 1430 1139; x_wconf 78' lang='grc' dir='ltr'><em>Ἀμμανίτιδος</em></span> <span class='ocrx_word' id='word_1_125' title='bbox 1463 1080 1611 1135; x_wconf 66' lang='grc' dir='ltr'><em>αὐτοῖς</em></span> <span class='ocrx_word' id='word_1_126' title='bbox 1642 1084 1753 1138; x_wconf 73' lang='grc' dir='ltr'><em>ἔχειν</em></span> 
     </span>
     <span class='ocr_line' id='line_1_17' title="bbox 93 1147 1752 1210; baseline -0.001 -16"><span class='ocrx_word' id='word_1_127' title='bbox 93 1147 324 1208; x_wconf 76' lang='grc' dir='ltr'><em>ὀφείλω-σι</em></span> <span class='ocrx_word' id='word_1_128' title='bbox 366 1157 661 1210; x_wconf 69' lang='grc' dir='ltr'><em>παρεθείσης,</em></span> <span class='ocrx_word' id='word_1_129' title='bbox 706 1152 890 1196; x_wconf 82' lang='grc' dir='ltr'><em>δυνατὸν</em></span> <span class='ocrx_word' id='word_1_130' title='bbox 919 1153 1002 1209; x_wconf 85' lang='grc' dir='ltr'><em>γὰρ</em></span> <span class='ocrx_word' id='word_1_131' title='bbox 1034 1157 1224 1196; x_wconf 66' lang='grc' dir='ltr'><em>,Μωυσεῖ</em></span> <span class='ocrx_word' id='word_1_132' title='bbox 1252 1154 1326 1195; x_wconf 80' lang='grc' dir='ltr'><em>καὶ</em></span> <span class='ocrx_word' id='word_1_133' title='bbox 1356 1151 1516 1210; x_wconf 74' lang='grc' dir='ltr'><em>ταύτην</em></span> <span class='ocrx_word' id='word_1_134' title='bbox 1548 1154 1697 1206; x_wconf 73' lang='grc' dir='ltr'><em>λαβεῖν</em></span> <span class='ocrx_word' id='word_1_135' title='bbox 1731 1170 1752 1192; x_wconf 79' lang='lat'>*</span> 
     </span>
     <span class='ocr_line' id='line_1_18' title="bbox 91 1219 1753 1278; baseline 0.001 -17"><span class='ocrx_word' id='word_1_136' title='bbox 91 1228 371 1275; x_wconf 80' lang='grc' dir='ltr'><em>παραχωρεῖν</em></span> <span class='ocrx_word' id='word_1_137' title='bbox 415 1237 462 1263; x_wconf 88' lang='grc' dir='ltr'><em>τε</em></span> <span class='ocrx_word' id='word_1_138' title='bbox 503 1220 619 1271; x_wconf 79' lang='grc' dir='ltr'><em>ἰδίας</em></span> <span class='ocrx_word' id='word_1_139' title='bbox 657 1219 798 1263; x_wconf 72' lang='grc' dir='ltr'><em>εἰπών</em></span> <span class='ocrx_word' id='word_1_140' title='bbox 837 1223 935 1277; x_wconf 78' lang='grc' dir='ltr'><em>γῆς,</em></span> <span class='ocrx_word' id='word_1_141' title='bbox 982 1220 1033 1277; x_wconf 79' lang='grc' dir='ltr'><em>ἣν</em></span> <span class='ocrx_word' id='word_1_142' title='bbox 1072 1223 1184 1264; x_wconf 80' lang='grc' dir='ltr'><em>θεοῦ</em></span> <span class='ocrx_word' id='word_1_143' title='bbox 1221 1224 1604 1278; x_wconf 79' lang='grc' dir='ltr'><em>κατακτησαμένου</em></span> <span class='ocrx_word' id='word_1_144' title='bbox 1643 1219 1753 1275; x_wconf 84' lang='grc' dir='ltr'><em>μετὰ</em></span> 
     </span>
     <span class='ocr_line' id='line_1_19' title="bbox 90 1284 1481 1346; baseline 0.001 -17"><span class='ocrx_word' id='word_1_145' title='bbox 90 1287 323 1343; x_wconf 85' lang='grc' dir='ltr'><em>τριακόσια</em></span> <span class='ocrx_word' id='word_1_146' title='bbox 355 1287 426 1345; x_wconf 71' lang='grc' dir='ltr'><em>ἔτη</em></span> <span class='ocrx_word' id='word_1_147' title='bbox 460 1291 682 1342; x_wconf 80' lang='grc' dir='ltr'><em>νέμονται,</em></span> <span class='ocrx_word' id='word_1_148' title='bbox 714 1288 941 1342; x_wconf 82' lang='grc' dir='ltr'><em>μάχεσθαι</em></span> <span class='ocrx_word' id='word_1_149' title='bbox 972 1288 1085 1343; x_wconf 88' lang='grc' dir='ltr'><em>πρὸς</em></span> <span class='ocrx_word' id='word_1_150' title='bbox 1117 1284 1274 1339; x_wconf 68' lang='grc' dir='ltr'><em>αὐτοὺς</em></span> <span class='ocrx_word' id='word_1_151' title='bbox 1307 1289 1481 1346; x_wconf 73' lang='grc' dir='ltr'><em>ἔφησεν.</em></span> 
     </span>
    </p>

    <p class='ocr_par' dir='ltr' id='par_1_8' title="bbox 90 1351 1754 1888">
     <span class='ocr_line' id='line_1_20' title="bbox 208 1351 1729 1411; baseline -0.001 -13"><span class='ocrx_word' id='word_1_152' title='bbox 208 1359 272 1398; x_wconf 92' lang='lat'><em>10.</em></span> <span class='ocrx_word' id='word_1_153' title='bbox 320 1357 409 1398; x_wconf 83' lang='grc' dir='ltr'><em>Καὶ</em></span> <span class='ocrx_word' id='word_1_154' title='bbox 438 1355 541 1406; x_wconf 68' lang='grc' dir='ltr'><em>τοὺς</em></span> <span class='ocrx_word' id='word_1_155' title='bbox 578 1356 658 1410; x_wconf 79' lang='grc' dir='ltr'><em>μὲν</em></span> <span class='ocrx_word' id='word_1_156' title='bbox 689 1359 898 1411; x_wconf 72' lang='grc' dir='ltr'><em>πρέσβεις</em></span> <span class='ocrx_word' id='word_1_157' title='bbox 927 1352 1053 1399; x_wconf 69' lang='grc' dir='ltr'><em>ταῦτ’</em></span> <span class='ocrx_word' id='word_1_158' title='bbox 1080 1355 1219 1399; x_wconf 77' lang='grc' dir='ltr'><em>εἷπιὺν</em></span> <span class='ocrx_word' id='word_1_159' title='bbox 1254 1352 1495 1399; x_wconf 75' lang='grc' dir='ltr'><em>ἀπέλυσεν·</em></span> <span class='ocrx_word' id='word_1_160' title='bbox 1542 1351 1673 1406; x_wconf 65' lang='grc' dir='ltr'><em>αὐτὸς</em></span> <span class='ocrx_word' id='word_1_161' title='bbox 1705 1356 1729 1397; x_wconf 90' lang='grc' dir='ltr'><em>δ</em></span> 
     </span>
     <span class='ocr_line' id='line_1_21' title="bbox 92 1417 1753 1480; baseline 0 -14"><span class='ocrx_word' id='word_1_162' title='bbox 92 1418 325 1477; x_wconf 76' lang='grc' dir='ltr'><em>εὐξάμενος</em></span> <span class='ocrx_word' id='word_1_163' title='bbox 350 1428 467 1480; x_wconf 78' lang='grc' dir='ltr'><em>νίκην</em></span> <span class='ocrx_word' id='word_1_164' title='bbox 497 1425 571 1466; x_wconf 79' lang='grc' dir='ltr'><em>καὶ</em></span> <span class='ocrx_word' id='word_1_165' title='bbox 602 1423 840 1467; x_wconf 72' lang='grc' dir='ltr'><em>θυσιάσειν</em></span> <span class='ocrx_word' id='word_1_166' title='bbox 870 1421 1184 1478; x_wconf 71' lang='grc' dir='ltr'><em>ὑποσχόμενος,</em></span> <span class='ocrx_word' id='word_1_167' title='bbox 1218 1417 1270 1467; x_wconf 70' lang='grc' dir='ltr'><em>ἂν</em></span> <span class='ocrx_word' id='word_1_168' title='bbox 1298 1427 1413 1474; x_wconf 79' lang='grc' dir='ltr'><em>σῶος</em></span> <span class='ocrx_word' id='word_1_169' title='bbox 1444 1424 1507 1474; x_wconf 85' lang='grc' dir='ltr'><em>εἷς</em></span> <span class='ocrx_word' id='word_1_170' title='bbox 1535 1422 1590 1466; x_wconf 78' lang='grc' dir='ltr'><em>τὰ</em></span> <span class='ocrx_word' id='word_1_171' title='bbox 1613 1423 1753 1466; x_wconf 83' lang='grc' dir='ltr'><em>οἰκεῖα</em></span> 
     </span>
     <span class='ocr_line' id='line_1_22' title="bbox 90 1486 1751 1548; baseline 0.001 -16"><span class='ocrx_word' id='word_1_172' title='bbox 90 1487 366 1548; x_wconf 74' lang='grc' dir='ltr'><em>ὑποστρέψῃ,</em></span> <span class='ocrx_word' id='word_1_173' title='bbox 398 1493 470 1534; x_wconf 83' lang='grc' dir='ltr'><em>καὶ</em></span> <span class='ocrx_word' id='word_1_174' title='bbox 502 1493 592 1534; x_wconf 84' lang='grc' dir='ltr'><em>πᾶν</em></span> <span class='ocrx_word' id='word_1_175' title='bbox 623 1486 647 1533; x_wconf 74' lang='grc' dir='ltr'>ὅ</span> <span class='ocrx_word' id='word_1_176' title='bbox 679 1508 720 1534; x_wconf 83' lang='grc' dir='ltr'><em>τι</em></span> <span class='ocrx_word' id='word_1_177' title='bbox 749 1493 820 1534; x_wconf 85' lang='grc' dir='ltr'><em>καὶ</em></span> <span class='ocrx_word' id='word_1_178' title='bbox 852 1493 1031 1547; x_wconf 78' lang='grc' dir='ltr'><em>πρῶτον</em></span> <span class='ocrx_word' id='word_1_179' title='bbox 1062 1487 1181 1547; x_wconf 76' lang='grc' dir='ltr'><em>αὗτῷ</em></span> <span class='ocrx_word' id='word_1_180' title='bbox 1213 1491 1412 1545; x_wconf 79' lang='grc' dir='ltr'><em>συντύχοι</em></span> <span class='ocrx_word' id='word_1_181' title='bbox 1444 1491 1751 1548; x_wconf 70' lang='grc' dir='ltr'><em>ἱερουργήσειν,</em></span> 
     </span>
     <span class='ocr_line' id='line_1_23' title="bbox 93 1554 1754 1616; baseline -0.001 -14"><span class='ocrx_word' id='word_1_182' title='bbox 93 1558 328 1613; x_wconf 82' lang='grc' dir='ltr'><em>συμβαλών</em></span> <span class='ocrx_word' id='word_1_183' title='bbox 358 1575 406 1601; x_wconf 86' lang='grc' dir='ltr'><em>τε</em></span> <span class='ocrx_word' id='word_1_184' title='bbox 445 1561 543 1615; x_wconf 82' lang='grc' dir='ltr'><em>νικᾷ</em></span> <span class='ocrx_word' id='word_1_185' title='bbox 582 1557 705 1612; x_wconf 82' lang='grc' dir='ltr'><em>παρὰ</em></span> <span class='ocrx_word' id='word_1_186' title='bbox 746 1557 859 1602; x_wconf 71' lang='grc' dir='ltr'><em>πολὺ</em></span> <span class='ocrx_word' id='word_1_187' title='bbox 898 1560 970 1601; x_wconf 86' lang='grc' dir='ltr'><em>καὶ</em></span> <span class='ocrx_word' id='word_1_188' title='bbox 1013 1554 1210 1616; x_wconf 76' lang='grc' dir='ltr'><em>φονεύων</em></span> <span class='ocrx_word' id='word_1_189' title='bbox 1242 1559 1394 1602; x_wconf 78' lang='grc' dir='ltr'><em>ἐδίωκε</em></span> <span class='ocrx_word' id='word_1_190' title='bbox 1424 1563 1548 1615; x_wconf 87' lang='grc' dir='ltr'><em>μέχρι</em></span> <span class='ocrx_word' id='word_1_191' title='bbox 1579 1555 1754 1609; x_wconf 82' lang='grc' dir='ltr'><em>πόλεως</em></span> 
     </span>
     <span class='ocr_line' id='line_1_24' title="bbox 91 1622 1753 1685; baseline -0.001 -16"><span class='ocrx_word' id='word_1_192' title='bbox 91 1626 354 1684; x_wconf 74' lang='grc' dir='ltr'><em>Μανιάθης,</em></span> <span class='ocrx_word' id='word_1_193' title='bbox 386 1627 459 1669; x_wconf 84' lang='grc' dir='ltr'><em>καὶ</em></span> <span class='ocrx_word' id='word_1_194' title='bbox 487 1625 645 1681; x_wconf 71' lang='grc' dir='ltr'><em>διαβὰς</em></span> <span class='ocrx_word' id='word_1_195' title='bbox 667 1625 729 1676; x_wconf 82' lang='grc' dir='ltr'><em>εἷς</em></span> <span class='ocrx_word' id='word_1_196' title='bbox 749 1625 827 1683; x_wconf 72' lang='grc' dir='ltr'><em>την</em></span> <span class='ocrx_word' id='word_1_197' title='bbox 847 1622 1106 1681; x_wconf 78' lang='grc' dir='ltr'><em>Ἀμμανῖτιν</em></span> <span class='ocrx_word' id='word_1_198' title='bbox 1127 1626 1282 1677; x_wconf 87' lang='grc' dir='ltr'><em>πόλεις</em></span> <span class='ocrx_word' id='word_1_199' title='bbox 1303 1644 1350 1670; x_wconf 89' lang='grc' dir='ltr'><em>τε</em></span> <span class='ocrx_word' id='word_1_200' title='bbox 1370 1623 1561 1685; x_wconf 77' lang='grc' dir='ltr'><em>ἠφάνισε</em></span> <span class='ocrx_word' id='word_1_201' title='bbox 1583 1625 1753 1676; x_wconf 80' lang='grc' dir='ltr'><em>πολλὰς</em></span> 
     </span>
     <span class='ocr_line' id='line_1_25' title="bbox 91 1690 1752 1752; baseline -0.001 -15"><span class='ocrx_word' id='word_1_202' title='bbox 91 1695 162 1737; x_wconf 84' lang='grc' dir='ltr'><em>καὶ</em></span> <span class='ocrx_word' id='word_1_203' title='bbox 195 1695 316 1736; x_wconf 88' lang='grc' dir='ltr'><em>λείαν</em></span> <span class='ocrx_word' id='word_1_204' title='bbox 345 1690 483 1749; x_wconf 78' lang='grc' dir='ltr'><em>ἤλασε</em></span> <span class='ocrx_word' id='word_1_205' title='bbox 520 1695 591 1736; x_wconf 81' lang='grc' dir='ltr'><em>καὶ</em></span> <span class='ocrx_word' id='word_1_206' title='bbox 622 1693 725 1744; x_wconf 74' lang='grc' dir='ltr'><em>τοὺς</em></span> <span class='ocrx_word' id='word_1_207' title='bbox 763 1693 951 1744; x_wconf 81' lang='grc' dir='ltr'><em>οἰκείους</em></span> <span class='ocrx_word' id='word_1_208' title='bbox 992 1694 1193 1745; x_wconf 77' lang='grc' dir='ltr'><em>δουλείας</em></span> <span class='ocrx_word' id='word_1_209' title='bbox 1232 1690 1483 1752; x_wconf 72' lang='grc' dir='ltr'><em>ἀπήλλαξεν</em></span> <span class='ocrx_word' id='word_1_210' title='bbox 1524 1693 1568 1737; x_wconf 76' lang='grc' dir='ltr'><em>ἐν</em></span> <span class='ocrx_word' id='word_1_211' title='bbox 1610 1693 1752 1736; x_wconf 73' lang='grc' dir='ltr'><em>ἔτεσιν</em></span> 
     </span>
     <span class='ocr_line' id='line_1_26' title="bbox 91 1757 1752 1820; baseline -0.001 -16"><span class='ocrx_word' id='word_1_212' title='bbox 91 1758 387 1805; x_wconf 82' lang='grc' dir='ltr'><em>ὀκτωκαίδεκα</em></span> <span class='ocrx_word' id='word_1_213' title='bbox 417 1761 576 1817; x_wconf 83' lang='grc' dir='ltr'><em>ταύτην</em></span> <span class='ocrx_word' id='word_1_214' title='bbox 608 1758 946 1815; x_wconf 68' lang='grc' dir='ltr'><em>ὑπομείναντας.</em></span> <span class='ocrx_word' id='word_1_215' title='bbox 1008 1757 1296 1820; x_wconf 72' lang='grc' dir='ltr'><em>ἀναστρέφων</em></span> <span class='ocrx_word' id='word_1_216' title='bbox 1337 1763 1384 1806; x_wconf 80' lang='grc' dir='ltr'><em>δὲ</em></span> <span class='ocrx_word' id='word_1_217' title='bbox 1424 1764 1632 1819; x_wconf 77' lang='grc' dir='ltr'><em>συμφορᾷ</em></span> <span class='ocrx_word' id='word_1_218' title='bbox 1671 1778 1752 1804; x_wconf 89' lang='grc' dir='ltr'><em>πε-</em></span> 
     </span>
     <span class='ocr_line' id='line_1_27' title="bbox 92 1824 1753 1888; baseline 0 -15"><span class='ocrx_word' id='word_1_219' title='bbox 92 1833 300 1886; x_wconf 87' lang='grc' dir='ltr'><em>ριπίπτει</em></span> <span class='ocrx_word' id='word_1_220' title='bbox 337 1824 435 1872; x_wconf 72' lang='grc' dir='ltr'><em>κατ’</em></span> <span class='ocrx_word' id='word_1_221' title='bbox 462 1824 587 1872; x_wconf 72' lang='grc' dir='ltr'><em>οὐδὲν</em></span> <span class='ocrx_word' id='word_1_222' title='bbox 627 1826 764 1886; x_wconf 73' lang='grc' dir='ltr'><em>ὁμοία</em></span> <span class='ocrx_word' id='word_1_223' title='bbox 801 1838 897 1879; x_wconf 87' lang='grc' dir='ltr'><em>τοῖς</em></span> <span class='ocrx_word' id='word_1_224' title='bbox 935 1833 1307 1886; x_wconf 74' lang='grc' dir='ltr'><em>κατωρθωμένοις</em></span> <span class='ocrx_word' id='word_1_225' title='bbox 1349 1825 1488 1887; x_wconf 72' lang='grc' dir='ltr'><em>αὐτῷ·</em></span> <span class='ocrx_word' id='word_1_226' title='bbox 1530 1828 1753 1888; x_wconf 73' lang='grc' dir='ltr'><em>ὑπήντησε</em></span> 
     </span>
    </p>
   </div>
   <div class='ocr_carea' id='block_1_7' title="bbox 185 1904 1492 1909">
    <p class='ocr_par' dir='ltr' id='par_1_9' title="bbox 185 1904 1492 1909">
     <span class='ocr_line' id='line_1_28' title="bbox 185 1904 1492 1909; baseline 0 0"><span class='ocrx_word' id='word_1_227' title='bbox 185 1904 1492 1909; x_wconf 95' lang='lat' dir='ltr'><em> </em></span> 
     </span>
    </p>
   </div>
   <div class='ocr_carea' id='block_1_8' title="bbox 204 1927 712 1973">
    <p class='ocr_par' dir='ltr' id='par_1_10' title="bbox 204 1927 712 1973">
     <span class='ocr_line' id='line_1_29' title="bbox 204 1927 712 1973; baseline -0.002 -9"><span class='ocrx_word' id='word_1_228' title='bbox 204 1930 224 1973; x_wconf 71' lang='grc' dir='ltr'><strong>ξ</strong></span> <span class='ocrx_word' id='word_1_229' title='bbox 250 1931 316 1964; x_wconf 84' lang='grc'><em>259</em></span> <span class='ocrx_word' id='word_1_230' title='bbox 340 1946 383 1958; x_wconf 93' lang='lat'>=</span> <span class='ocrx_word' id='word_1_231' title='bbox 406 1928 520 1963; x_wconf 85' lang='lat' dir='ltr'><strong>Iudic.</strong></span> <span class='ocrx_word' id='word_1_232' title='bbox 545 1927 598 1963; x_wconf 92' lang='lat' dir='ltr'><em>XI</em></span> <span class='ocrx_word' id='word_1_233' title='bbox 624 1932 654 1972; x_wconf 90' lang='lat'><em>1,</em></span> <span class='ocrx_word' id='word_1_234' title='bbox 680 1932 712 1963; x_wconf 86' lang='lat'><em>7.</em></span> 
     </span>
    </p>
   </div>
   <div class='ocr_carea' id='block_1_9' title="bbox 202 2018 1752 2125">
    <p class='ocr_par' dir='ltr' id='par_1_11' title="bbox 202 2018 1752 2125">
     <span class='ocr_line' id='line_1_30' title="bbox 202 2018 848 2064; baseline -0.003 -9"><span class='ocrx_word' id='word_1_235' title='bbox 202 2018 665 2055; x_wconf 82' lang='lat' dir='ltr'>ROMSPLELatZonaras</span> <span class='ocrx_word' id='word_1_236' title='bbox 690 2018 708 2053; x_wconf 94' lang='lat' dir='ltr'>I</span> <span class='ocrx_word' id='word_1_237' title='bbox 730 2030 766 2064; x_wconf 88' lang='lat' dir='ltr'><em>p.</em></span> <span class='ocrx_word' id='word_1_238' title='bbox 793 2021 848 2054; x_wconf 88' lang='grc'><em>89.</em></span> 
     </span>
     <span class='ocr_line' id='line_1_31' title="bbox 206 2070 1752 2125; baseline 0.002 -13"><span class='ocrx_word' id='word_1_239' title='bbox 206 2081 222 2113; x_wconf 97' lang='grc'><em>1</em></span> <span class='ocrx_word' id='word_1_240' title='bbox 248 2079 346 2122; x_wconf 83' lang='grc' dir='ltr'><em>περὶ]</em></span> <span class='ocrx_word' id='word_1_241' title='bbox 371 2073 467 2112; x_wconf 84' lang='grc' dir='ltr'><em>κατὰ</em></span> <span class='ocrx_word' id='word_1_242' title='bbox 493 2075 547 2110; x_wconf 90' lang='lat' dir='ltr'><em>SP</em></span> <span class='ocrx_word' id='word_1_243' title='bbox 633 2077 653 2108; x_wconf 87' lang='grc'>2</span> <span class='ocrx_word' id='word_1_244' title='bbox 679 2070 807 2116; x_wconf 68' lang='grc' dir='ltr'><em>αὑτοῦ]</em></span> <span class='ocrx_word' id='word_1_245' title='bbox 832 2070 883 2111; x_wconf 77' lang='grc' dir='ltr'><em>δι’</em></span> <span class='ocrx_word' id='word_1_246' title='bbox 909 2070 1050 2112; x_wconf 77' lang='grc' dir='ltr'><em>αὖτοὺσ</em></span> <span class='ocrx_word' id='word_1_247' title='bbox 1073 2075 1136 2111; x_wconf 87' lang='lat' dir='ltr'><em>Ro</em></span> <span class='ocrx_word' id='word_1_248' title='bbox 1162 2071 1212 2112; x_wconf 76' lang='grc' dir='ltr'><em>δι’</em></span> <span class='ocrx_word' id='word_1_249' title='bbox 1234 2071 1351 2113; x_wconf 72' lang='grc' dir='ltr'><em>αὐτοῦ</em></span> <span class='ocrx_word' id='word_1_250' title='bbox 1373 2076 1412 2111; x_wconf 93' lang='grc' dir='ltr'>Μ</span> <span class='ocrx_word' id='word_1_251' title='bbox 1497 2079 1516 2112; x_wconf 90' lang='grc'><strong>3</strong></span> <span class='ocrx_word' id='word_1_252' title='bbox 1540 2075 1752 2125; x_wconf 77' lang='grc' dir='ltr'><em>γαλαδήτιδι</em></span> 
     </span>
    </p>
   </div>
   <div class='ocr_carea' id='block_1_10' title="bbox 89 2128 1753 2293">
    <p class='ocr_par' dir='ltr' id='par_1_12' title="bbox 89 2128 1753 2293">
     <span class='ocr_line' id='line_1_32' title="bbox 89 2128 1753 2181; baseline 0.002 -13"><span class='ocrx_word' id='word_1_253' title='bbox 89 2130 124 2179; x_wconf 85' lang='grc' dir='ltr'><em>(ή</em></span> <span class='ocrx_word' id='word_1_254' title='bbox 150 2143 194 2167; x_wconf 85' lang='lat' dir='ltr'><em>ex</em></span> <span class='ocrx_word' id='word_1_255' title='bbox 219 2133 254 2168; x_wconf 86' lang='grc' dir='ltr'><em>εί</em></span> <span class='ocrx_word' id='word_1_256' title='bbox 279 2136 386 2174; x_wconf 88' lang='lat' dir='ltr'>corr.)</span> <span class='ocrx_word' id='word_1_257' title='bbox 411 2131 440 2166; x_wconf 95' lang='lat' dir='ltr'>O</span> <span class='ocrx_word' id='word_1_258' title='bbox 464 2133 694 2177; x_wconf 77' lang='grc' dir='ltr'><em>γαλααδίτιδι</em></span> <span class='ocrx_word' id='word_1_259' title='bbox 718 2131 758 2165; x_wconf 90' lang='grc' dir='ltr'><strong>Μ</strong></span> <span class='ocrx_word' id='word_1_260' title='bbox 868 2135 889 2165; x_wconf 84' lang='grc'>4</span> <span class='ocrx_word' id='word_1_261' title='bbox 916 2128 1143 2173; x_wconf 77' lang='grc' dir='ltr'><em>ὁποθενοῦν]</em></span> <span class='ocrx_word' id='word_1_262' title='bbox 1169 2131 1212 2167; x_wconf 86' lang='lat' dir='ltr'><em>de</em></span> <span class='ocrx_word' id='word_1_263' title='bbox 1236 2133 1342 2177; x_wconf 73' lang='lat' dir='ltr'><em>lonqe:</em></span> <span class='ocrx_word' id='word_1_264' title='bbox 1365 2133 1437 2168; x_wconf 85' lang='lat' dir='ltr'><em>Lat</em></span> <span class='ocrx_word' id='word_1_265' title='bbox 1540 2147 1753 2181; x_wconf 85' lang='grc' dir='ltr'><em>παραγενο-</em></span> 
     </span>
     <span class='ocr_line' id='line_1_33' title="bbox 90 2183 1752 2233; baseline 0.001 -8"><span class='ocrx_word' id='word_1_266' title='bbox 90 2188 230 2233; x_wconf 86' lang='grc' dir='ltr'><em>μένουσ</em></span> <span class='ocrx_word' id='word_1_267' title='bbox 255 2187 340 2223; x_wconf 90' lang='lat' dir='ltr'><em>SPL</em></span> <span class='ocrx_word' id='word_1_268' title='bbox 434 2183 572 2228; x_wconf 77' lang='grc' dir='ltr'><em>αὐτῶν]</em></span> <span class='ocrx_word' id='word_1_269' title='bbox 598 2185 701 2223; x_wconf 77' lang='grc' dir='ltr'><em>αὐτῶ</em></span> <span class='ocrx_word' id='word_1_270' title='bbox 725 2187 756 2222; x_wconf 91' lang='lat' dir='ltr'>L</span> <span class='ocrx_word' id='word_1_271' title='bbox 837 2190 857 2222; x_wconf 88' lang='grc'><strong>6</strong></span> <span class='ocrx_word' id='word_1_272' title='bbox 881 2185 1139 2233; x_wconf 79' lang='grc' dir='ltr'><em>*ἡγεμονείαν</em></span> <span class='ocrx_word' id='word_1_273' title='bbox 1163 2187 1202 2222; x_wconf 91' lang='grc' dir='ltr'>Μ</span> <span class='ocrx_word' id='word_1_274' title='bbox 1285 2186 1499 2233; x_wconf 81' lang='grc' dir='ltr'><em>ἐστράτευε]</em></span> <span class='ocrx_word' id='word_1_275' title='bbox 1525 2192 1696 2227; x_wconf 79' lang='grc' dir='ltr'><em>πείθεται</em></span> <span class='ocrx_word' id='word_1_276' title='bbox 1719 2191 1752 2226; x_wconf 90' lang='grc' dir='ltr'><strong>Ε</strong></span> 
     </span>
     <span class='ocr_line' id='line_1_34' title="bbox 91 2240 1753 2293; baseline 0.002 -13"><span class='ocrx_word' id='word_1_277' title='bbox 91 2244 270 2280; x_wconf 79' lang='lat' dir='ltr'><em>consensit</em></span> <span class='ocrx_word' id='word_1_278' title='bbox 293 2243 366 2278; x_wconf 82' lang='lat' dir='ltr'><em>Lat</em></span> <span class='ocrx_word' id='word_1_279' title='bbox 480 2247 497 2277; x_wconf 83' lang='grc' dir='ltr'><em>’ῖ</em></span> <span class='ocrx_word' id='word_1_280' title='bbox 524 2240 797 2288; x_wconf 84' lang='grc' dir='ltr'><em>ποιησάμενοσ,</em></span> <span class='ocrx_word' id='word_1_281' title='bbox 820 2256 848 2287; x_wconf 88' lang='grc' dir='ltr'><em>μ</em></span> <span class='ocrx_word' id='word_1_282' title='bbox 872 2253 918 2277; x_wconf 79' lang='lat' dir='ltr'><em>ex</em></span> <span class='ocrx_word' id='word_1_283' title='bbox 942 2256 962 2278; x_wconf 93' lang='grc' dir='ltr'><em>ν</em></span> <span class='ocrx_word' id='word_1_284' title='bbox 987 2254 1092 2287; x_wconf 63' lang='lat' dir='ltr'>corr„</span> <span class='ocrx_word' id='word_1_285' title='bbox 1117 2256 1181 2279; x_wconf 92' lang='grc' dir='ltr'><em>ενο</em></span> <span class='ocrx_word' id='word_1_286' title='bbox 1205 2243 1229 2278; x_wconf 89' lang='lat' dir='ltr'><em>i.</em></span> <span class='ocrx_word' id='word_1_287' title='bbox 1254 2254 1325 2279; x_wconf 87' lang='lat' dir='ltr'><strong>ras.</strong></span> <span class='ocrx_word' id='word_1_288' title='bbox 1350 2244 1379 2279; x_wconf 92' lang='lat' dir='ltr'>P</span> <span class='ocrx_word' id='word_1_289' title='bbox 1494 2245 1729 2292; x_wconf 81' lang='grc' dir='ltr'><em>πραγμάτων</em></span> <span class='ocrx_word' id='word_1_290' title='bbox 1740 2250 1753 2293; x_wconf 80' lang='grc' dir='ltr'><em>ΙΙ</em></span> 
     </span>
    </p>
   </div>
   <div class='ocr_carea' id='block_1_11' title="bbox 89 2297 1754 2684">
    <p class='ocr_par' dir='ltr' id='par_1_13' title="bbox 89 2297 1754 2461">
     <span class='ocr_line' id='line_1_35' title="bbox 91 2297 1754 2349; baseline 0.001 -13"><span class='ocrx_word' id='word_1_291' title='bbox 91 2299 224 2336; x_wconf 80' lang='lat' dir='ltr'>desinit</span> <span class='ocrx_word' id='word_1_292' title='bbox 246 2299 308 2335; x_wconf 89' lang='lat' dir='ltr'><strong>fol.</strong></span> <span class='ocrx_word' id='word_1_293' title='bbox 337 2301 414 2333; x_wconf 79' lang='lat' dir='ltr'><em>139r</em></span> <span class='ocrx_word' id='word_1_294' title='bbox 437 2298 477 2333; x_wconf 89' lang='lat' dir='ltr'>M</span> <span class='ocrx_word' id='word_1_295' title='bbox 553 2297 767 2343; x_wconf 80' lang='grc' dir='ltr'><em>ἐπιμέλειαν</em></span> <span class='ocrx_word' id='word_1_296' title='bbox 790 2310 858 2335; x_wconf 90' lang='lat' dir='ltr'><em>om.</em></span> <span class='ocrx_word' id='word_1_297' title='bbox 883 2299 923 2334; x_wconf 92' lang='lat' dir='ltr'>M</span> <span class='ocrx_word' id='word_1_298' title='bbox 1004 2302 1023 2334; x_wconf 84' lang='lat'>8</span> <span class='ocrx_word' id='word_1_299' title='bbox 1048 2301 1293 2346; x_wconf 51' lang='grc' dir='ltr'><em>*Μασφαθῇ</em></span> <span class='ocrx_word' id='word_1_300' title='bbox 1316 2304 1498 2347; x_wconf 82' lang='grc' dir='ltr'><em>μασφακῆ</em></span> <span class='ocrx_word' id='word_1_301' title='bbox 1521 2301 1561 2336; x_wconf 91' lang='grc' dir='ltr'><em>Μ</em></span> <span class='ocrx_word' id='word_1_302' title='bbox 1584 2303 1754 2349; x_wconf 72' lang='lat' dir='ltr'><em>masphat</em></span> 
     </span>
     <span class='ocr_line' id='line_1_36' title="bbox 89 2350 1752 2403; baseline 0.001 -12"><span class='ocrx_word' id='word_1_303' title='bbox 89 2357 162 2392; x_wconf 82' lang='lat' dir='ltr'><em>Lat</em></span> <span class='ocrx_word' id='word_1_304' title='bbox 231 2358 250 2390; x_wconf 84' lang='lat'>9</span> <span class='ocrx_word' id='word_1_305' title='bbox 276 2350 495 2397; x_wconf 78' lang='grc' dir='ltr'><em>*ἁλώσεως]</em></span> <span class='ocrx_word' id='word_1_306' title='bbox 521 2354 721 2389; x_wconf 74' lang='lat' dir='ltr'><em>inuasz&#39;onis</em></span> <span class='ocrx_word' id='word_1_307' title='bbox 737 2355 808 2391; x_wconf 85' lang='lat' dir='ltr'><em>Lat</em></span> <span class='ocrx_word' id='word_1_308' title='bbox 880 2358 919 2390; x_wconf 89' lang='grc'><em>10</em></span> <span class='ocrx_word' id='word_1_309' title='bbox 944 2351 1148 2402; x_wconf 74' lang='grc' dir='ltr'><em>εἷμωραίασ</em></span> <span class='ocrx_word' id='word_1_310' title='bbox 1171 2356 1244 2390; x_wconf 92' lang='lat' dir='ltr'><em>ML</em></span> <span class='ocrx_word' id='word_1_311' title='bbox 1268 2352 1465 2403; x_wconf 73' lang='grc' dir='ltr'><em>α’μοραίασ</em></span> <span class='ocrx_word' id='word_1_312' title='bbox 1491 2358 1560 2393; x_wconf 91' lang='lat' dir='ltr'><em>S¹P</em></span> <span class='ocrx_word' id='word_1_313' title='bbox 1585 2370 1752 2394; x_wconf 83' lang='lat' dir='ltr'><em>amorrea</em></span> 
     </span>
     <span class='ocr_line' id='line_1_37' title="bbox 90 2406 1753 2461; baseline 0.001 -12"><span class='ocrx_word' id='word_1_314' title='bbox 90 2413 161 2449; x_wconf 80' lang='lat' dir='ltr'><em>Lat</em></span> <span class='ocrx_word' id='word_1_315' title='bbox 262 2415 299 2446; x_wconf 93' lang='lat'><em>11</em></span> <span class='ocrx_word' id='word_1_316' title='bbox 329 2406 639 2457; x_wconf 75' lang='grc' dir='ltr'><em>άποκρινόμενοσ</em></span> <span class='ocrx_word' id='word_1_317' title='bbox 663 2411 703 2446; x_wconf 92' lang='grc' dir='ltr'><strong>Μ</strong></span> <span class='ocrx_word' id='word_1_318' title='bbox 806 2409 954 2457; x_wconf 81' lang='grc' dir='ltr'><em>ἰάφθασ</em></span> <span class='ocrx_word' id='word_1_319' title='bbox 977 2412 1073 2447; x_wconf 87' lang='lat' dir='ltr'><em>MSP</em></span> <span class='ocrx_word' id='word_1_320' title='bbox 1098 2410 1240 2458; x_wconf 77' lang='grc' dir='ltr'><em>ἰεφθὰσ</em></span> <span class='ocrx_word' id='word_1_321' title='bbox 1264 2413 1294 2448; x_wconf 92' lang='lat' dir='ltr'>L</span> <span class='ocrx_word' id='word_1_322' title='bbox 1319 2413 1456 2460; x_wconf 75' lang='grc' dir='ltr'><em>ἰέφθησ</em></span> <span class='ocrx_word' id='word_1_323' title='bbox 1479 2414 1512 2450; x_wconf 91' lang='grc' dir='ltr'><strong>Ε</strong></span> <span class='ocrx_word' id='word_1_324' title='bbox 1537 2414 1656 2461; x_wconf 75' lang='lat' dir='ltr'><em>ieptlze</em></span> <span class='ocrx_word' id='word_1_325' title='bbox 1679 2415 1753 2452; x_wconf 83' lang='lat' dir='ltr'><em>Lat</em></span> 
     </span>
    </p>

    <p class='ocr_par' dir='ltr' id='par_1_14' title="bbox 90 2463 1754 2684">
     <span class='ocr_line' id='line_1_38' title="bbox 207 2463 1750 2518; baseline 0.004 -15"><span class='ocrx_word' id='word_1_326' title='bbox 207 2470 246 2503; x_wconf 86' lang='grc'>12</span> <span class='ocrx_word' id='word_1_327' title='bbox 271 2463 465 2514; x_wconf 74' lang='grc' dir='ltr'><em>α’μοραίασ</em></span> <span class='ocrx_word' id='word_1_328' title='bbox 490 2467 559 2503; x_wconf 85' lang='lat' dir='ltr'><em>S¹P</em></span> <span class='ocrx_word' id='word_1_329' title='bbox 585 2465 818 2514; x_wconf 81' lang='grc' dir='ltr'><em>ἀμμωραίασ</em></span> <span class='ocrx_word' id='word_1_330' title='bbox 841 2468 881 2502; x_wconf 92' lang='grc' dir='ltr'><strong>Μ</strong></span> <span class='ocrx_word' id='word_1_331' title='bbox 905 2463 1110 2516; x_wconf 75' lang='grc' dir='ltr'><em>ἇμωραίασ</em></span> <span class='ocrx_word' id='word_1_332' title='bbox 1131 2469 1163 2503; x_wconf 93' lang='lat' dir='ltr'>L</span> <span class='ocrx_word' id='word_1_333' title='bbox 1240 2472 1280 2504; x_wconf 88' lang='grc'><em>14</em></span> <span class='ocrx_word' id='word_1_334' title='bbox 1305 2467 1523 2506; x_wconf 82' lang='grc' dir='ltr'><em>δυνατὸν-</em></span> <span class='ocrx_word' id='word_1_335' title='bbox 1538 2475 1578 2506; x_wconf 90' lang='grc'><em>16</em></span> <span class='ocrx_word' id='word_1_336' title='bbox 1602 2468 1750 2518; x_wconf 77' lang='grc' dir='ltr'><em>ἔφησεν]</em></span> 
     </span>
     <span class='ocr_line' id='line_1_39' title="bbox 91 2523 1754 2571; baseline 0 -11"><span class='ocrx_word' id='word_1_337' title='bbox 91 2525 178 2571; x_wconf 79' lang='lat' dir='ltr'><em>quia</em></span> <span class='ocrx_word' id='word_1_338' title='bbox 194 2524 278 2559; x_wconf 77' lang='lat' dir='ltr'><em>dum</em></span> <span class='ocrx_word' id='word_1_339' title='bbox 297 2523 471 2570; x_wconf 77' lang='lat' dir='ltr'><em>possibile</em></span> <span class='ocrx_word' id='word_1_340' title='bbox 492 2524 625 2569; x_wconf 79' lang='lat' dir='ltr'><em>fuisset</em></span> <span class='ocrx_word' id='word_1_341' title='bbox 647 2524 843 2560; x_wconf 78' lang='lat' dir='ltr'><strong><em>secundum</em></strong></span> <span class='ocrx_word' id='word_1_342' title='bbox 867 2525 983 2570; x_wconf 72' lang='lat' dir='ltr'><em>moysi</em></span> <span class='ocrx_word' id='word_1_343' title='bbox 1006 2524 1200 2560; x_wconf 77' lang='lat' dir='ltr'><em>iussionem</em></span> <span class='ocrx_word' id='word_1_344' title='bbox 1230 2530 1271 2560; x_wconf 85' lang='lat' dir='ltr'><em>ut</em></span> <span class='ocrx_word' id='word_1_345' title='bbox 1301 2532 1379 2561; x_wconf 76' lang='lat' dir='ltr'><em>eam</em></span> <span class='ocrx_word' id='word_1_346' title='bbox 1405 2526 1584 2569; x_wconf 81' lang='lat' dir='ltr'><em>tollerent,</em></span> <span class='ocrx_word' id='word_1_347' title='bbox 1606 2527 1670 2561; x_wconf 75' lang='lat' dir='ltr'><em>isti</em></span> <span class='ocrx_word' id='word_1_348' title='bbox 1691 2537 1754 2561; x_wconf 82' lang='lat' dir='ltr'><em>eos</em></span> 
     </span>
     <span class='ocr_line' id='line_1_40' title="bbox 90 2580 1752 2628; baseline 0.001 -13"><span class='ocrx_word' id='word_1_349' title='bbox 90 2580 166 2616; x_wconf 79' lang='lat' dir='ltr'><em>illic</em></span> <span class='ocrx_word' id='word_1_350' title='bbox 190 2580 321 2625; x_wconf 72' lang='lat' dir='ltr'><em>deqere</em></span> <span class='ocrx_word' id='word_1_351' title='bbox 341 2580 588 2626; x_wconf 77' lang='lat' dir='ltr'><em>permisissent</em></span> <span class='ocrx_word' id='word_1_352' title='bbox 619 2591 728 2625; x_wconf 78' lang='lat' dir='ltr'><em>qnam</em></span> <span class='ocrx_word' id='word_1_353' title='bbox 751 2584 840 2627; x_wconf 79' lang='lat' dir='ltr'><em>post</em></span> <span class='ocrx_word' id='word_1_354' title='bbox 863 2591 978 2616; x_wconf 81' lang='lat' dir='ltr'><em>annos</em></span> <span class='ocrx_word' id='word_1_355' title='bbox 1003 2585 1180 2616; x_wconf 79' lang='lat' dir='ltr'><em>trecentos</em></span> <span class='ocrx_word' id='word_1_356' title='bbox 1211 2581 1269 2616; x_wconf 78' lang='lat' dir='ltr'><em>dei</em></span> <span class='ocrx_word' id='word_1_357' title='bbox 1299 2583 1441 2617; x_wconf 75' lang='lat' dir='ltr'><em>auxilio</em></span> <span class='ocrx_word' id='word_1_358' title='bbox 1472 2588 1752 2628; x_wconf 80' lang='lat' dir='ltr'><em>reparauerant,</em></span> 
     </span>
     <span class='ocr_line' id='line_1_41' title="bbox 91 2637 1751 2684; baseline 0.001 -11"><span class='ocrx_word' id='word_1_359' title='bbox 91 2637 134 2673; x_wconf 82' lang='lat' dir='ltr'><em>ob</em></span> <span class='ocrx_word' id='word_1_360' title='bbox 160 2647 267 2682; x_wconf 82' lang='lat' dir='ltr'><em>quam</em></span> <span class='ocrx_word' id='word_1_361' title='bbox 291 2646 365 2670; x_wconf 83' lang='lat' dir='ltr'><em>rem</em></span> <span class='ocrx_word' id='word_1_362' title='bbox 384 2640 636 2682; x_wconf 67' lang='lat' dir='ltr'><em>puqnaturum</em></span> <span class='ocrx_word' id='word_1_363' title='bbox 659 2647 698 2671; x_wconf 81' lang='lat' dir='ltr'><em>se</em></span> <span class='ocrx_word' id='word_1_364' title='bbox 720 2637 806 2682; x_wconf 80' lang='lat' dir='ltr'><em>fore</em></span> <span class='ocrx_word' id='word_1_365' title='bbox 828 2637 925 2672; x_wconf 76' lang='lat' dir='ltr'><em>dixit</em></span> <span class='ocrx_word' id='word_1_366' title='bbox 947 2637 1020 2672; x_wconf 85' lang='lat' dir='ltr'><em>Lat</em></span> <span class='ocrx_word' id='word_1_367' title='bbox 1098 2640 1229 2683; x_wconf 85' lang='grc' dir='ltr'><em>μωϋσῆ</em></span> <span class='ocrx_word' id='word_1_368' title='bbox 1252 2637 1349 2673; x_wconf 88' lang='lat' dir='ltr'><em>ROL</em></span> <span class='ocrx_word' id='word_1_369' title='bbox 1374 2641 1519 2684; x_wconf 77' lang='grc' dir='ltr'><em>μωϋσῆι</em></span> <span class='ocrx_word' id='word_1_370' title='bbox 1543 2638 1566 2674; x_wconf 87' lang='lat' dir='ltr'>S</span> <span class='ocrx_word' id='word_1_371' title='bbox 1590 2641 1700 2684; x_wconf 87' lang='grc' dir='ltr'><em>μωσῆ</em></span> <span class='ocrx_word' id='word_1_372' title='bbox 1722 2638 1751 2673; x_wconf 91' lang='grc' dir='ltr'>Ρ</span> 
     </span>
    </p>
   </div>
   <div class='ocr_carea' id='block_1_12' title="bbox 90 2691 1753 2908">
    <p class='ocr_par' dir='ltr' id='par_1_15' title="bbox 90 2691 1753 2908">
     <span class='ocr_line' id='line_1_42' title="bbox 207 2691 1750 2740; baseline 0.002 -13"><span class='ocrx_word' id='word_1_373' title='bbox 207 2696 247 2728; x_wconf 86' lang='grc'><em>15</em></span> <span class='ocrx_word' id='word_1_374' title='bbox 272 2695 357 2728; x_wconf 79' lang='lat' dir='ltr'><strong>ante</strong></span> <span class='ocrx_word' id='word_1_375' title='bbox 381 2694 446 2727; x_wconf 80' lang='lat' dir='ltr'><em>aut</em></span> <span class='ocrx_word' id='word_1_376' title='bbox 468 2694 551 2736; x_wconf 86' lang='lat' dir='ltr'><strong>post</strong></span> <span class='ocrx_word' id='word_1_377' title='bbox 574 2699 820 2740; x_wconf 81' lang='grc' dir='ltr'><em>παραχωρεῖν</em></span> <span class='ocrx_word' id='word_1_378' title='bbox 842 2693 1011 2729; x_wconf 80' lang='lat' dir='ltr'><strong>lacunam</strong></span> <span class='ocrx_word' id='word_1_379' title='bbox 1036 2697 1156 2730; x_wconf 78' lang='lat' dir='ltr'><strong>statuo</strong></span> <span class='ocrx_word' id='word_1_380' title='bbox 1278 2695 1373 2737; x_wconf 79' lang='grc' dir='ltr'><em>ἰδίας</em></span> <span class='ocrx_word' id='word_1_381' title='bbox 1398 2705 1464 2729; x_wconf 91' lang='lat' dir='ltr'><em>om.</em></span> <span class='ocrx_word' id='word_1_382' title='bbox 1490 2695 1519 2729; x_wconf 90' lang='lat' dir='ltr'>P</span> <span class='ocrx_word' id='word_1_383' title='bbox 1641 2691 1750 2739; x_wconf 77' lang='grc' dir='ltr'><em>μετὰ]</em></span> 
     </span>
     <span class='ocr_line' id='line_1_43' title="bbox 90 2743 1750 2797; baseline -0.001 -10"><span class='ocrx_word' id='word_1_384' title='bbox 90 2747 185 2797; x_wconf 75' lang='grc' dir='ltr'><em>ὑπὲρ</em></span> <span class='ocrx_word' id='word_1_385' title='bbox 209 2749 262 2784; x_wconf 85' lang='lat' dir='ltr'><em>SP</em></span> <span class='ocrx_word' id='word_1_386' title='bbox 391 2749 431 2783; x_wconf 88' lang='grc'>16</span> <span class='ocrx_word' id='word_1_387' title='bbox 457 2743 570 2794; x_wconf 72' lang='grc' dir='ltr'><em>ἔφησε</em></span> <span class='ocrx_word' id='word_1_388' title='bbox 595 2748 697 2784; x_wconf 78' lang='lat' dir='ltr'>OS2L</span> <span class='ocrx_word' id='word_1_389' title='bbox 827 2752 865 2784; x_wconf 89' lang='lat'><em>17</em></span> <span class='ocrx_word' id='word_1_390' title='bbox 892 2749 930 2786; x_wconf 82' lang='grc' dir='ltr'><em>δὲ</em></span> <span class='ocrx_word' id='word_1_391' title='bbox 952 2750 1024 2785; x_wconf 90' lang='lat' dir='ltr'><em>ML</em></span> <span class='ocrx_word' id='word_1_392' title='bbox 1142 2753 1182 2786; x_wconf 81' lang='lat'><em>18</em></span> <span class='ocrx_word' id='word_1_393' title='bbox 1207 2753 1320 2792; x_wconf 79' lang='grc' dir='ltr'><em>σῶος]</em></span> <span class='ocrx_word' id='word_1_394' title='bbox 1346 2753 1449 2795; x_wconf 82' lang='grc' dir='ltr'><em>ζῶοσ</em></span> <span class='ocrx_word' id='word_1_395' title='bbox 1472 2750 1544 2785; x_wconf 90' lang='lat' dir='ltr'><em>ML</em></span> <span class='ocrx_word' id='word_1_396' title='bbox 1569 2747 1674 2795; x_wconf 86' lang='grc' dir='ltr'><em>ζωὸσ</em></span> <span class='ocrx_word' id='word_1_397' title='bbox 1698 2751 1750 2786; x_wconf 90' lang='lat' dir='ltr'><em>SP</em></span> 
     </span>
     <span class='ocr_line' id='line_1_44' title="bbox 90 2802 1751 2852; baseline 0.001 -12"><span class='ocrx_word' id='word_1_398' title='bbox 90 2806 198 2841; x_wconf 80' lang='lat' dir='ltr'><strong><em>uiuus</em></strong></span> <span class='ocrx_word' id='word_1_399' title='bbox 220 2805 293 2841; x_wconf 85' lang='lat' dir='ltr'><em>Lat</em></span> <span class='ocrx_word' id='word_1_400' title='bbox 439 2806 480 2838; x_wconf 85' lang='lat'><em>19</em></span> <span class='ocrx_word' id='word_1_401' title='bbox 505 2803 673 2850; x_wconf 87' lang='grc' dir='ltr'><em>συντύχει</em></span> <span class='ocrx_word' id='word_1_402' title='bbox 695 2805 729 2840; x_wconf 83' lang='grc' dir='ltr'><em>Β,</em></span> <span class='ocrx_word' id='word_1_403' title='bbox 753 2802 912 2852; x_wconf 77' lang='grc' dir='ltr'><em>συντύχῃ</em></span> <span class='ocrx_word' id='word_1_404' title='bbox 936 2805 1034 2841; x_wconf 86' lang='lat' dir='ltr'><em>OLE</em></span> <span class='ocrx_word' id='word_1_405' title='bbox 1177 2808 1216 2840; x_wconf 82' lang='lat'><em>21</em></span> <span class='ocrx_word' id='word_1_406' title='bbox 1246 2804 1458 2852; x_wconf 82' lang='grc' dir='ltr'><em>Μανιάθης]</em></span> <span class='ocrx_word' id='word_1_407' title='bbox 1482 2803 1675 2852; x_wconf 80' lang='grc' dir='ltr'><em>μαλιάθησ</em></span> <span class='ocrx_word' id='word_1_408' title='bbox 1698 2806 1751 2842; x_wconf 91' lang='lat' dir='ltr'><em>SP</em></span> 
     </span>
     <span class='ocr_line' id='line_1_45' title="bbox 91 2855 1753 2908; baseline 0.002 -13"><span class='ocrx_word' id='word_1_409' title='bbox 91 2861 252 2896; x_wconf 72' lang='lat' dir='ltr'><em>maniam</em></span> <span class='ocrx_word' id='word_1_410' title='bbox 275 2861 346 2896; x_wconf 83' lang='lat' dir='ltr'><em>Lat</em></span> <span class='ocrx_word' id='word_1_411' title='bbox 447 2855 649 2904; x_wconf 83' lang='grc' dir='ltr'><em>*οἷμανῖτιν</em></span> <span class='ocrx_word' id='word_1_412' title='bbox 671 2861 736 2896; x_wconf 86' lang='lat' dir='ltr'><em>Ro</em></span> <span class='ocrx_word' id='word_1_413' title='bbox 761 2858 975 2908; x_wconf 79' lang='grc' dir='ltr'><em>ἀμμανίτην</em></span> <span class='ocrx_word' id='word_1_414' title='bbox 998 2862 1068 2898; x_wconf 85' lang='lat' dir='ltr'><em>SP¹</em></span> <span class='ocrx_word' id='word_1_415' title='bbox 1171 2864 1213 2896; x_wconf 84' lang='grc'><em>22</em></span> <span class='ocrx_word' id='word_1_416' title='bbox 1237 2863 1345 2898; x_wconf 77' lang='grc' dir='ltr'><em>λείασ</em></span> <span class='ocrx_word' id='word_1_417' title='bbox 1369 2862 1435 2897; x_wconf 91' lang='lat' dir='ltr'><em>LE</em></span> <span class='ocrx_word' id='word_1_418' title='bbox 1537 2859 1607 2898; x_wconf 80' lang='grc' dir='ltr'><em>*ἐν</em></span> <span class='ocrx_word' id='word_1_419' title='bbox 1631 2858 1753 2899; x_wconf 77' lang='grc' dir='ltr'><em>ἔτεσιν</em></span> 
     </span>
    </p>
   </div>
   <div class='ocr_carea' id='block_1_13' title="bbox 93 2911 1699 2964">
    <p class='ocr_par' dir='ltr' id='par_1_16' title="bbox 93 2911 1699 2964">
     <span class='ocr_line' id='line_1_46' title="bbox 93 2911 1699 2964; baseline -0.001 -10"><span class='ocrx_word' id='word_1_420' title='bbox 93 2912 365 2958; x_wconf 80' lang='grc' dir='ltr'><em>ὀκτωκαίδεκα]</em></span> <span class='ocrx_word' id='word_1_421' title='bbox 393 2911 653 2954; x_wconf 79' lang='grc' dir='ltr'><em>ὀκτωκαίδεκα</em></span> <span class='ocrx_word' id='word_1_422' title='bbox 679 2915 751 2964; x_wconf 75' lang='grc' dir='ltr'><em>ἔτη,</em></span> <span class='ocrx_word' id='word_1_423' title='bbox 776 2914 839 2963; x_wconf 77' lang='grc' dir='ltr'><em>ἔτη</em></span> <span class='ocrx_word' id='word_1_424' title='bbox 862 2928 890 2953; x_wconf 91' lang='lat' dir='ltr'><em>s.</em></span> <span class='ocrx_word' id='word_1_425' title='bbox 915 2928 961 2952; x_wconf 89' lang='lat' dir='ltr'><em>m.</em></span> <span class='ocrx_word' id='word_1_426' title='bbox 990 2922 1003 2953; x_wconf 95' lang='lat' dir='ltr'>l</span> <span class='ocrx_word' id='word_1_427' title='bbox 1031 2918 1060 2953; x_wconf 91' lang='lat' dir='ltr'>P</span> <span class='ocrx_word' id='word_1_428' title='bbox 1153 2921 1196 2953; x_wconf 86' lang='grc'><em>24</em></span> <span class='ocrx_word' id='word_1_429' title='bbox 1219 2918 1536 2964; x_wconf 81' lang='grc' dir='ltr'><em>κατορθωμένοισ</em></span> <span class='ocrx_word' id='word_1_430' title='bbox 1559 2917 1699 2953; x_wconf 84' lang='lat' dir='ltr'>ROML</span> 
     </span>
    </p>
   </div>
   <div class='ocr_carea' id='block_1_14' title="bbox 1786 412 1866 451">
    <p class='ocr_par' dir='ltr' id='par_1_17' title="bbox 1786 412 1866 451">
     <span class='ocr_line' id='line_1_47' title="bbox 1786 412 1866 451; baseline -0.013 0"><span class='ocrx_word' id='word_1_431' title='bbox 1786 412 1866 451; x_wconf 77' lang='lat'><em>260</em></span> 
     </span>
    </p>
   </div>
   <div class='ocr_carea' id='block_1_15' title="bbox 1786 683 1862 723">
    <p class='ocr_par' dir='ltr' id='par_1_18' title="bbox 1786 683 1862 723">
     <span class='ocr_line' id='line_1_48' title="bbox 1786 683 1862 723; baseline 0.013 -1"><span class='ocrx_word' id='word_1_432' title='bbox 1786 683 1862 723; x_wconf 84' lang='lat'><em>261</em></span> 
     </span>
    </p>
   </div>
   <div class='ocr_carea' id='block_1_16' title="bbox 1785 953 1865 993">
    <p class='ocr_par' dir='ltr' id='par_1_19' title="bbox 1785 953 1865 993">
     <span class='ocr_line' id='line_1_49' title="bbox 1785 953 1865 993; baseline -0.013 0"><span class='ocrx_word' id='word_1_433' title='bbox 1785 953 1865 993; x_wconf 87' lang='grc'><em>262</em></span> 
     </span>
    </p>
   </div>
   <div class='ocr_carea' id='block_1_17' title="bbox 1737 1351 1864 1399">
    <p class='ocr_par' dir='ltr' id='par_1_20' title="bbox 1737 1351 1864 1399">
     <span class='ocr_line' id='line_1_50' title="bbox 1737 1351 1864 1399; baseline 0.008 -1"><span class='ocrx_word' id='word_1_434' title='bbox 1737 1351 1748 1366; x_wconf 87' lang='lat'><em>&#39;</em></span> <span class='ocrx_word' id='word_1_435' title='bbox 1784 1359 1864 1399; x_wconf 88' lang='grc'><em>263</em></span> 
     </span>
    </p>
   </div>
   <div class='ocr_carea' id='block_1_18' title="bbox 1783 1765 1862 1805">
    <p class='ocr_par' dir='ltr' id='par_1_21' title="bbox 1783 1765 1862 1805">
     <span class='ocr_line' id='line_1_51' title="bbox 1783 1765 1862 1805; baseline 0.025 -2"><span class='ocrx_word' id='word_1_436' title='bbox 1783 1765 1862 1805; x_wconf 66' lang='grc'><em>264</em></span> 
     </span>
    </p>
   </div>
  </div>
 </body>
</html>
