2160 3439
335 205 416 244 310
824 203 987 247 ANTIQ.
1011 203 1110 239 IUD.
1134 203 1167 239 V
1191 206 1325 241 88—92
1349 207 1440 249 (123.
1456 208 1511 250 24)

335 318 590 370 ἐπωνυμίαν
631 316 791 358 διεῖλεν
830 311 970 365 οὕτως
993 311 1159 371 Ἰησοῦς
1197 318 1271 360 καὶ
1308 316 1387 374 τὴν
1424 320 1502 374 γῆν
1541 327 1640 369 ταῖς
1680 317 1804 362 ἐννέα
1842 321 1917 363 καὶ
1945 323 2000 378 τῇ

268 388 320 429 89
340 382 519 440 ἡμισείᾳ
557 384 719 440 φυλαῖς
759 382 893 426 ἔδωκε
938 387 1177 438 νέμεσθαι·
1222 383 1300 440 τὴν
1337 384 1420 440 γὰρ
1458 382 1712 441 Ἀμορρῖτιν
1750 390 1824 431 καὶ
1864 383 1999 445 αὐτὴν

333 446 474 500 οὕτως
506 446 590 507 ἀφ’
617 449 714 500 ἑνὸς
743 453 831 494 τῶν
863 456 1123 495 Χαναναίου
1162 452 1340 494 παίδων
1376 453 1646 534 καλουέιιένην
1677 457 1879 512 ,Μωυσῆς
1914 452 1998 538 ἤδη

331 516 621 575 προειληφώς
642 518 865 575 νενεμήκει
884 528 985 569 ταῖς
1006 518 1106 561 δυσὶ
1134 521 1296 577 φυλαῖς
1315 521 1389 562 καὶ
1409 522 1473 576 τιῦ
1494 518 1665 577 ἦιιίσει·
1696 524 1825 565 τοῦτο
1858 522 1905 566 δὲ
1924 524 2000 566 καὶ

332 585 548 641 πρότερον
587 585 906 643 δεδηλιόκαιιεν.
965 586 1022 629 τὰ
1061 587 1109 629 δὲ
1146 589 1251 643 περὶ
1290 587 1466 630 Σιδῶνα
1503 591 1576 632 καὶ
1614 585 1891 646 Ἀρουκαίους
1926 592 2001 634 καὶ
2029 600 2049 633 5
2148 597 2157 629 ⁵

330 647 611 707 Ἀμαθαίους
640 655 712 696 καὶ
741 650 993 709 Ἀριδαίους
1023 650 1328 712 ἀδιακόσμητα
1357 646 1423 711 ἧν.

265 725 318 765 90
449 724 515 763 24.
551 717 716 778 Ἰησοῦς
748 721 794 764 δὲ
824 725 903 765 τοῦ
932 722 1074 779 γήρως
1105 721 1422 777 ἐμποδίζοντος
1451 719 1533 780 ἤδη
1566 723 1780 779 πράττειν
1811 719 1896 768 ὅσα
1925 726 2000 769 καὶ

332 787 505 845 νοήσειε
542 791 630 831 τῶν
659 805 707 832 τε
746 786 844 843 μετ)
872 785 1004 832 αὐτὸν
1039 789 1118 847 τὴν
1158 789 1394 846 ἡγεμονίαν
1433 790 1787 846 παραλαβόντων
1828 787 2002 847 ἆμελιῦς

331 854 623 910 προστάντων
659 859 738 899 τοῦ
775 860 898 914 κοινῇ
939 860 1264 915 συμφέροντος,
1305 857 1571 914 παρήγγειλέ
1600 874 1648 901 τε
1688 861 1805 916 φυλῇ
1841 859 2000 917 ἑκάστῃ

330 925 410 965 τοῦ
438 926 589 978 γένους
618 925 707 967 τῶν
727 929 999 968 Χαναναίων
1029 925 1164 982 μηδὲν
1185 922 1428 968 ὑπολιπεῖν
1450 942 1494 968 εν
1515 927 1566 982 τῆ
1585 927 1999 985 κατακεκληρωμένῃ
2031 936 2070 971 10
2142 933 2159 968 ¹0

330 993 404 1047 γῇ·
435 990 515 1047 τὴν
544 990 626 1046 γὰρ
660 987 911 1049 ἀσφάλειαν
943 989 1093 1044 αυτοῖς
1122 994 1196 1036 καὶ
1226 991 1304 1049 τὴν
1327 991 1526 1049 φυλακὴν
1545 995 1633 1035 τιῦν
1655 998 1858 1050 πατρίων
1880 993 2001 1038 ἐθῶν

333 1075 377 1101 εν
408 1058 530 1115 μόνω
561 1075 703 1101 τουτω
733 1062 808 1103 καὶ
838 1062 1041 1117 ,Μωυσην
1073 1055 1224 1111 αυτοῖς
1263 1058 1377 1104 εἶναι
1408 1069 1644 1115 προειπεῖν
1674 1063 1746 1104 καὶ
1776 1057 1896 1105 τοῦτ’
1924 1058 2002 1105 αὖ·

264 1130 314 1170 91
334 1142 437 1176 τοις
475 1129 745 1170 πεπεῖσθαι.
804 1128 877 1170 καὶ
916 1144 1010 1178 τοις
1039 1132 1260 1178 Λευίταις
1298 1128 1344 1170 δὲ
1385 1126 1465 1178 τὰς
1504 1124 1616 1171 dm«)
1656 1130 1729 1172 καὶ
1765 1128 2002 1185 τριάκοντα

332 1193 490 1244 πόλεις
523 1190 816 1238 ἀποδιδόναι·
849 1196 1203 1253 προειλήφεισαν
1240 1195 1322 1252 γὰρ
1352 1192 1434 1252 ἤδη
1474 1195 1586 1239 κατὰ
1620 1195 1700 1253 τὴν
1730 1192 2002 1253 Ἀμορραίαν

330 1260 411 1312 τὰς
442 1262 557 1306 δέκα.
616 1262 784 1306 τούτων
814 1273 932 1320 τρεῖς
964 1259 1181 1318 ἀπονέμει
1209 1272 1303 1313 τοῖς
1341 1263 1532 1320 φυγάσιν
1575 1263 1709 1307 οἰκεῖν
1749 1263 1793 1307 ἐν
1834 1259 2002 1317 αὐταῖς,
2032 1276 2070 1310 15
2140 1273 2160 1306 15

331 1328 473 1386 πολλὴ
506 1328 589 1386 γὰρ
620 1321 671 1387 ἧν
703 1330 896 1386 πρόνοια
916 1333 995 1374 τοῦ
1025 1331 1161 1389 μηδὲν
1192 1327 1253 1373 ὦν
1275 1333 1476 1388 ΖΙΙωυσῆς
1507 1331 1681 1382 διέταξε
1711 1333 2000 1386 παραλιπεῖν,

330 1398 408 1452 τῆς
437 1414 516 1451 μεν
558 1388 634 1441 οὖν
669 1394 812 1442 Ἰούδα
852 1401 993 1457 φυλῆς
1017 1395 1241 1455 Ἰέβρωνα,
1282 1402 1445 1453 Σίκιμα
1484 1399 1531 1442 δὲ
1570 1402 1647 1456 τῆς
1671 1395 1883 1456 Ἐφραίιι,
1923 1401 2001 1456 τῆς

330 1466 674 1522 Νεφθαλίτιδος
704 1466 751 1509 δὲ
779 1467 996 1524 Κεδέσην·
1028 1483 1121 1511 εστι
1159 1469 1236 1523 τῆς
1254 1466 1566 1549 καθύπερθεν
1597 1468 1841 1517 Γαλιλαίας
1869 1469 2000 1511 τοῦτο

263 1535 316 1575 92
333 1530 382 1574 τὸ
412 1537 589 1587 χωρίον.
649 1537 770 1588 νέμει
801 1534 848 1576 δὲ
877 1537 951 1578 καὶ
981 1537 1058 1591 τῆς
1093 1536 1214 1586 λείας
1253 1530 1338 1578 όσα
1367 1534 1420 1592 ἠν
1451 1534 1517 1577 ε’τι
1549 1533 1700 1586 λοιπά,
1732 1536 1920 1592 πλείστη
1952 1530 1995 1578 δ’

332 1598 539 1656 ἐγεγόνει,
579 1603 653 1644 καὶ
693 1598 910 1658 μεγάλους
948 1602 1169 1654 πλούτοις
1209 1604 1550 1660 περιεβέβληντο
1580 1604 1651 1645 καὶ
1683 1619 1804 1660 κοινῃ
1836 1602 2001 1654 πάντες
2029 1614 2077 1666 Ἅι
2142 1613 2160 1646 2}

444 1737 464 1778 ς
491 1736 712 1771 90=Iosua
734 1736 1210 1782 XX1111;§91=10sua
1233 1737 1320 1772 XXI
1346 1741 1376 1783 1,
1400 1737 1469 1772 XX
1495 1740 1533 1782 13
1558 1738 1579 1782 ξ,
1604 1736 1828 1773 92=Iosua
1849 1736 1998 1772 XXHs.

441 1870 710 1907 ROMSPLLat

443 1930 461 1961 2
488 1928 624 1973 ἡμίσεα
650 1928 715 1963 RO
740 1925 869 1973 ἡμισία
893 1928 933 1963 Μ
1027 1924 1248 1975 Ἀμορρῖτιν]
1273 1924 1484 1975 ιῖμορρίτην
1504 1929 1533 1963 Ο
1559 1925 1737 1974 α’μορίτιν
1752 1928 1791 1963 Μ
1815 1923 2001 1975 άμωρῖτιν

331 1998 360 2019 ω
385 1993 429 2018 ex
456 1997 490 2026 o,
515 1997 550 2018 ιν
573 1984 596 2018 i.
612 1995 682 2019 ras.
698 1985 726 2018 P
751 1980 956 2032 α’μωρίτην,
984 2000 1014 2021 ω
1039 1996 1084 2019 ex
1107 1998 1126 2020 ο
1157 1996 1247 2020 corr.
1264 1985 1288 2019 S
1312 1981 1543 2031 α’μμορρίτιν
1566 1984 1597 2019 L
1621 1995 1821 2019 amorreum
1838 1984 1911 2020 Lat

330 2043 349 2075 3
372 2041 595 2085 χαναναίων
609 2040 637 2074 Ο
708 2044 729 2075 4
746 2038 1013 2087 προσειληφὼσ
1027 2041 1092 2076 Ro
1162 2037 1297 2089 ἡμίσει]
1325 2038 1444 2087 ἡμίσει
1472 2038 1614 2087 (ἡμήσει
1629 2041 1670 2079 Ρ)
1688 2043 1808 2087 ᾳυλῆσ
1824 2043 2000 2086 μανασσῆ

329 2095 415 2131 SPL
525 2100 543 2130 5
569 2094 841 2143 δεδηλώκαμεν]
867 2098 959 2132 coni.
985 2095 1255 2143 ὁεδηλώκειμεν
1278 2097 1342 2133 RO
1367 2095 1563 2143 δεδηλώκει
1587 2097 1682 2133 MSP
1707 2095 1926 2144 δεδηλώκειν
1949 2097 2000 2140 (in

329 2153 519 2198 suppletis)
542 2153 573 2188 L
599 2153 762 2188 indicaui
784 2153 855 2189 Lat
964 2149 1213 2201 ,ἶ1ρουκαιόυς1
1239 2153 1389 2188 archoos
1413 2154 1483 2189 Lat
1599 2157 1619 2188 6
1645 2149 1844 2198 ιῖ,ιιαθέουσ
1867 2153 1908 2188 Μ

330 2204 540 2256 ,ῗίριδαίους]
566 2205 745 2256 ιῖριδεοῦσ
768 2209 808 2244 Μ
832 2210 978 2245 arideos
1000 2210 1072 2245 Lat
1097 2204 1313 2257 Άραδαίους
1337 2210 1430 2246 coni.
1507 2214 1525 2244 7
1550 2203 1832 2257 Ἰησοῦς-ὅσα
1857 2220 1925 2246 om.
1950 2209 2000 2245 L¹

441 2313 460 2344 8
487 2306 616 2352 αὐτὸν]
643 2306 769 2347 αὐτῶν
791 2311 837 2345 P²
863 2280 989 2347 αὖτῗῦν
1013 2311 1052 2346 Μ
1077 2306 1197 2348 αὐτον
1219 2312 1258 2346 in
1282 2311 1459 2357 suppletis
1484 2311 1514 2346 L
1617 2307 1844 2358 ἡγεμονείαν
1868 2311 1908 2347 Μ

327 2365 649 2413 παραλαβόντων]
674 2368 1029 2413 erant—sumpturi
1052 2367 1124 2403 Lat
1239 2372 1259 2403 9
1285 2366 1520 2415 παρήγγελλε
1544 2367 1585 2402 Μ
1698 2381 1740 2404 τε
1765 2378 1832 2403 om.
1859 2367 1915 2403 ed.
1941 2379 1996 2414 pr.

328 2433 408 2457 cum
434 2423 505 2458 Lat
629 2427 668 2458 10
692 2420 911 2460 ὑπολείπειν
934 2423 1029 2459 MSP
1055 2427 1091 2459 et
1114 2424 1144 2458 L
1170 2424 1208 2459 in
1233 2424 1411 2470 suppletis
1535 2427 1574 2458 12
1599 2423 1650 2465 ἐν]
1677 2422 1717 2460 ἓν
1740 2424 1775 2460 R
1799 2422 1852 2461 ἑνὶ
1877 2423 1907 2460 Ο

326 2476 462 2528 τούτῳ]
488 2477 613 2516 τούτω
636 2482 856 2527 βλαφθῆναι
882 2479 936 2516 SP
961 2483 998 2515 et
1021 2480 1059 2515 in
1083 2481 1260 2525 suppletis
1283 2480 1314 2515 L
1442 2477 1550 2523 εἶναι]
1576 2478 1641 2527 ἤδη
1666 2480 1719 2516 SP
1847 2475 1995 2524 αὐτοὺς]

326 2564 442 2611 αὐτὸς
464 2569 589 2605 Naber
683 2574 724 2606 14
749 2567 1033 2618 προειλήφησαν
1057 2569 1086 2604 O
1181 2566 1396 2618 άμωραίαν,
1420 2585 1450 2606 ω
1475 2580 1519 2605 ex
1544 2583 1565 2605 ο
1592 2580 1684 2604 corr.
1704 2570 1727 2605 S
1753 2550 1946 2618 a'pcogalav
1969 2570 1998 2606 P

327 2621 495 2672 α’μοριάν
518 2626 556 2661 Μ
582 2621 778 2673 α’μμορίαν
802 2627 833 2661 L
858 2637 1024 2661 amorrea
1049 2627 1121 2662 Lat
1234 2630 1272 2661 16
1287 2622 1718 2681 ’πολλὴ-παραλιπεῖν
1742 2636 1810 2661 om.
1835 2627 1908 2662 Lat

325 2685 575 2726 παραλειπεῐν
599 2683 668 2718 S¹P
693 2686 729 2718 et
754 2683 784 2717 L
808 2683 845 2717 in
870 2683 1047 2728 suppletis
1190 2686 1227 2717 17
1255 2684 1323 2718 οὐν
1347 2692 1413 2716 om.
1441 2681 1470 2716 Ο
1564 2677 1750 2728 Ἰέβρωνα]
1776 2681 1942 2730 ὶέβρωνα
1967 2682 1996 2719 0

323 2738 503 2785 χὲβρωνα
529 2739 582 2774 SP
607 2739 741 2774 hebron
763 2739 834 2774 Lat
926 2741 1063 2785 σίκημα
1088 2739 1118 2774 L
1143 2737 1274 2773 sichem
1301 2738 1371 2773 Lat
1462 2740 1526 2784 τῆς
1545 2739 1824 2783 Νεφθαλίτιδος
1855 2738 1894 2776 δὲ
1927 2740 1996 2776 Κε-

326 2794 445 2840 δέσην]
478 2798 547 2840 τῆσ
583 2797 851 2841 νεφθαλίτιὸοσ
886 2795 924 2832 δέ
960 2796 1023 2831 Ro
1062 2795 1226 2832 κέδασαν
1263 2794 1300 2830 δὲ
1338 2796 1406 2839 τῆσ
1444 2796 1712 2840 νεφθαλίτιδοσ
1747 2794 1924 2835 (κέδασαν
1959 2795 1998 2833 δὲ

326 2860 354 2884 s.
374 2861 418 2884 m.
440 2855 450 2885 1
469 2851 512 2893 L)
537 2851 622 2887 SPL
648 2858 681 2887 et
706 2852 813 2887 cades
837 2852 881 2887 cle
906 2852 1086 2897 neptleale's
1109 2852 1181 2887 Lat
1283 2853 1322 2885 lS
1348 2847 1437 2891 ἔστι]
1463 2847 1538 2886 ἔστι
1566 2851 1603 2887 δὲ
1630 2850 1830 2886 MSPLLat
1921 2853 1996 2899 τῆς]

325 2908 388 2941 καὶ
414 2910 482 2952 τῆσ
508 2907 546 2942 Μ
636 2906 858 2952 καθῦπερθε
885 2908 938 2944 SP
963 2911 1001 2944 et
1025 2909 1055 2943 L
1079 2909 1116 2943 in
1142 2906 1318 2953 suppletis
1416 2910 1455 2942 19
1481 2903 1525 2942 τὸ
1557 2917 1625 2942 om.
1651 2907 1690 2942 Μ
1782 2908 1937 2955 πλείστη
1961 2903 1997 2944 δ’

325 2960 507 3008 ἐγεγόνει]
533 2968 611 2998 erat
634 2975 789 3009 namque
815 2971 912 2999 terra
936 2965 1060 3011 ampla
1083 2965 1156 3000 Lat
1231 2963 1268 2999 δὲ
1293 2959 1440 3009 γεγόνει
1467 2963 1522 2999 SL
1599 2966 1641 2997 20
1667 2962 1939 3011 περιεβέβλητο
1965 2963 1996 3000 Ο
