2060 3475
774 223 969 259 Praefatio.
1664 225 1711 258 XI

37 339 161 382 theca
200 336 473 380 Grimaniana
519 339 632 378 ortus
679 341 764 390 est,
812 350 919 389 quae
961 343 1050 380 erat
1090 336 1204 392 apud
1244 338 1425 380 Venetos
1465 337 1521 380 ad
1562 336 1706 381 Sancti

37 405 229 458 Antonii;
262 418 360 446 nam
392 403 489 445 hinc
520 403 652 446 multa
683 404 878 446 Pellieier
908 404 1140 459 sumpsw)

152 476 190 514 3.
221 472 278 514 M.
315 470 448 514 codex
489 470 774 513 bibliothecae
814 472 1054 514 Marcianae
1089 473 1274 515 Venetae
1315 485 1492 526 graecus
1532 487 1596 515 no.
1622 476 1699 516 381

36 539 232 582 foliorum
255 540 348 591 308,
380 537 560 591 scriptus
591 538 633 579 in
665 538 810 581 charta
843 539 1094 594 bombycina
1124 539 1292 581 saeculo
1315 541 1399 581 fere
1422 541 1524 582 XIII
1555 554 1581 582 a
1604 540 1702 583 duo-

37 607 116 650 bus
148 610 192 649 ut
222 606 387 648 uidetur
417 604 621 659 scribis.·2)
681 609 722 647 et
753 606 793 646 in
826 606 943 649 initio
975 612 1016 648 et
1046 607 1087 648 in
1118 606 1200 649 fine
1233 606 1404 649 mutilus
1437 613 1517 660 est3
1560 607 1707 662 incipit

37 673 148 716 enim
178 673 197 714 Ι
228 686 267 727 p.
290 674 356 725 21,
384 674 431 712 12
465 672 508 724 (ᾖ
539 673 610 726 01)
641 686 667 714 a
698 674 836 716 uerbis
869 672 1164 726 ἐκλελειμένον
1195 669 1282 713 ’ἶυτὸ
1321 675 1411 727 τοῖς
1451 688 1559 728 quae
1600 675 1706 729 peri-

38 744 157 782 erunt
188 744 435 794 argumenta
466 744 508 782 et
538 739 700 782 initium
733 741 829 782 libri
860 741 982 795 primi
1013 740 1212 794 suppleta
1242 744 1337 783 sunt
1368 741 1408 782 in
1441 741 1587 784 charta
1618 755 1706 785 sor-

36 807 200 850 didiore
232 821 358 850 manu
394 808 573 861 recenti,
609 807 685 849 sed
715 821 797 850 non
831 809 938 850 ultra
970 808 1102 850 uerba
1132 804 1207 849 ἐπεὶ
1239 809 1302 862 τῷ
1334 807 1459 863 φόνῳ
1489 814 1708 863 τιμωρίας

37 876 78 926 (ἓ
100 876 152 916 58
184 888 224 929 p.
254 878 315 928 14,
351 875 433 928 10).
494 876 635 929 paullo
677 875 786 917 insra
828 874 985 917 excidit
1022 874 1168 916 folium
1198 888 1326 917 unum
1360 874 1466 929 (πρὸ
1514 874 1703 927 Τεὶνιὸος

36 942 55 983 Ι
90 945 168 983 170
201 955 239 995 p.
265 944 331 995 42,
353 944 374 981 7
410 966 463 971 —
495 943 823 998 παραπλησίως
853 943 878 993 ξ
914 943 989 982 183
1021 955 1059 996 p.
1083 945 1150 995 45,
1173 942 1230 994 4).
1281 942 1436 985 desinit
1467 945 1509 986 in
1549 943 1704 994 ἔδοξας

35 1005 144 1063 ὁρᾶν
166 1007 226 1062 (Χ
251 1011 334 1050 206
355 1023 394 1063 p.
420 1012 514 1062 375,
537 1010 592 1062 9).
644 1010 822 1064 scriptus
844 1015 907 1052 est
928 1022 1055 1051 manu
1087 1009 1278 1063 diligenti
1310 1011 1460 1053 litteris
1492 1013 1701 1055 crassiori·

35 1076 134 1130 bus3
169 1092 181 1117 ι
205 1080 363 1118 mutum
385 1089 513 1131 saepe
535 1077 596 1118 ita
616 1076 855 1130 appositum
878 1080 953 1129 est,
984 1081 1030 1118 ut
1052 1076 1230 1131 dubites,
1262 1082 1400 1120 utrum
1423 1078 1705 1134 subscriptum

34 1155 89 1185 an
120 1143 381 1197 adscriptum
412 1144 479 1186 sit.
541 1148 751 1186 correctus
782 1147 847 1185 est
876 1143 1057 1197 primum
1087 1158 1212 1187 manu
1244 1144 1379 1187 codici
1410 1146 1491 1200 ipsi
1520 1148 1706 1201 aequali,

35 1210 190 1252 deinde
222 1211 308 1253 alia
329 1211 458 1253 multo
480 1210 726 1253 recentiore.
777 1210 937 1252 eisdem
960 1212 1152 1254 manibus
1174 1213 1217 1254 in
1239 1212 1428 1266 margine
1450 1214 1609 1267 passim
1631 1214 1704 1256 ad-

34 1278 276 1321 notationes
306 1277 450 1319 uariae
481 1277 720 1331 adscriptae
750 1282 858 1319 sunt.
904 1291 979 1332 per
1008 1279 1162 1321 librum
1194 1279 1373 1333 primum
1406 1283 1447 1322 et
1477 1281 1706 1324 seeundum

34 1358 184 1388 manus
214 1344 353 1399 prima
372 1357 568 1387 numeros
601 1344 785 1398 capitum
816 1344 1052 1400 adscripsit,
1084 1347 1215 1389 semel
1238 1347 1388 1390 eadem
1411 1360 1463 1389 ex
1484 1360 1704 1401 argumen-

33 1412 87 1455 tis
118 1411 216 1454 libri
246 1411 368 1466 primi
391 1416 516 1466 eaput
544 1411 772 1454 seeundum
796 1412 971 1466 adiecit3
1004 1427 1133 1467 saepe
1164 1427 1289 1457 uoces
1320 1415 1437 1457 uelut
1468 1415 1705 1470 πρόσσχεσ,

32 1475 218 1529 ἄτοπον,
251 1474 416 1531 ὡραῖον
449 1480 655 1522 breuesue
685 1492 823 1522 rerum
845 1480 1006 1523 indices
1028 1481 1082 1523 ab
1104 1481 1197 1535 ipso
1219 1482 1358 1524 scriba
1379 1482 1574 1537 adpictae
1596 1489 1705 1538 sunt,

32 1550 106 1589 aut
125 1546 510 1600 interpretamenta,
533 1547 651 1588 uelut
667 1546 736 1589 fol.
760 1550 862 1588 108V
884 1548 940 1590 ad
957 1548 1013 1589 lV
1031 1551 1107 1590 281
1135 1563 1186 1604 ση
1211 1548 1345 1605 φύσιν
1361 1548 1441 1604 τήν
1465 1549 1552 1599 ἕξιν
1576 1551 1704 1605 λέγει.

33 1613 190 1656 similia
221 1612 350 1655 etiam
371 1613 578 1655 recentior
606 1627 754 1656 manus
775 1614 984 1657 interdum
1005 1615 1239 1658 adnotauit.
1291 1617 1434 1671 paullo
1456 1618 1579 1672 plura
1609 1623 1707 1660 sunt

34 1694 143 1736 quae
164 1685 260 1735 post
281 1680 352 1722 lib.
375 1680 438 1722 IX
467 1681 646 1732 legimus
677 1682 833 1736 scripta
863 1682 918 1724 ab
945 1696 1007 1735 eo,
1041 1682 1111 1735 qui
1142 1683 1212 1726 fol.
1235 1685 1316 1725 43ν
1333 1707 1387 1713 -
1405 1687 1459 1724 74
1490 1685 1705 1728 exarauit:

35 1751 283 1804 σημείωσαι
315 1748 417 1801 περὶ
449 1749 536 1789 τῶν
566 1750 698 1790 πέντε
728 1747 894 1790 ἐθνῶν·
926 1751 1013 1791 τῶν
1036 1745 1126 1792 ἀπὸ
1151 1745 1344 1805 ἆσυρίων
1367 1749 1436 1792 εἰσ
1458 1751 1706 1805 σαμάρειαν

31 1816 421 1869 μετοικισθέντων.
484 1818 731 1871 σημείωσαι
770 1816 843 1858 καὶ
882 1818 986 1868 περὶ
1018 1819 1105 1859 τῶν
1144 1816 1174 1859 ε’
1207 1819 1330 1860 θεῶν
1364 1813 1520 1860 αὐτῶν.
1580 1820 1653 1862 καὶ
1670 1820 1704 1875 3)

32 1882 177 1938 γνώθι
208 1882 280 1923 καὶ
313 1876 585 1933 ἄποτοί-των,
617 1880 682 1933 τὸ,
715 1898 819 1938 περι
832 1883 865 1937 4)
894 1882 972 1939 τὴν
1005 1888 1243 1939 σαμαρίτιν
1274 1883 1399 1940 παρὰ
1428 1887 1506 1926 τοῦ
1522 1888 1706 1941 χριστοῦ

33 1949 202 2003 λεχθὲν.
252 1946 301 1990 τὸ
336 1950 467 1990 πέντε
497 1947 579 2004 γὰρ
612 1945 780 2004 ἄνδρασ
810 1948 950 2002 ἔσχεσ.
1007 1954 1211 1994 τουτέστι
1241 1954 1420 2006 πρῶτον
1436 1952 1468 2007 5)
1498 1953 1578 2006 μὲν
1610 1952 1706 1995 ἐσέ-

30 2020 112 2072 βου
141 2013 251 2058 voto
281 2014 328 2065 ἐξ
357 2010 550 2071 ἆσιρίων
579 2019 954 2069 μετοικισθέντασ
988 2020 1122 2061 πέντε
1151 2017 1307 2062 θεούσ.
1369 2021 1443 2062 νῦν
1476 2019 1523 2061 δὲ
1555 2019 1707 2075 ἱερέων

32 2094 80 2146 ἐξ
109 2084 245 2140 &off
277 2095 643 2150 μετακληθέντων
682 2093 928 2152 ἓδιόάχθησ
966 2095 1043 2139 τὸν
1079 2096 1214 2151 νόμον
1250 2096 1327 2140 τὸν
1365 2097 1592 2152 μωσαϊκὸν
1629 2097 1707 2141 τὸν

30 2162 381 2218 καταγγέλλοντα
402 2160 478 2204 τὸν
508 2160 620 2204 θεὸν
651 2160 706 2204 ὂσ
737 2157 812 2204 οὐκ
843 2162 938 2206 ἔστι
969 2166 1049 2206 σοῦ
1080 2159 1188 2220 ἀνὴρ
1220 2162 1350 2221 ἤγουν
1380 2164 1496 2208 θεὸσ
1528 2166 1705 2219 ψευδω-

33 2244 184 2284 νυμοσ,
217 2225 327 2271 ἀλλὰ
359 2224 533 2285 ἀληθὴς
562 2230 634 2271 καὶ
668 2226 812 2272 ὅντωσ
836 2230 964 2273 θεόσ.
1017 2231 1060 2274 οἱ
1092 2231 1138 2274 δὲ
1168 2234 1256 2274 τῶν
1289 2228 1494 2287 ἂσυρίων,
1527 2232 1705 2287 ψευδώ-

32 2313 160 2352 νυμοι
190 2297 264 2339 καὶ
294 2295 458 2338 εἴδωλα
490 2293 716 2353 ἅντικρυσε
755 2300 894 2340 ταῦτα
924 2297 1036 2341 κατὰ
1065 2298 1142 2341 τὸν
1174 2298 1398 2356 ἰωσηπονε
1434 2301 1527 2355 χρῶ
1558 2300 1605 2342 δὲ
1631 2302 1704 2343 καὶ

599 2378 620 2400 τ
853 2359 899 2401 22'

31 2405 130 2447 ταῖς
178 2394 340 2439 ἄλλαισ
377 2399 481 2454 περὶ
519 2398 596 2440 τού
643 2402 887 2453 θαυμασιω
919 2399 1193 2456 ἕρμηνείαισε
1217 2415 1280 2443 w.
1334 2401 1608 2444 memorabile
1641 2406 1705 2443 est

33 2465 162 2508 etiam
200 2463 266 2517 id,
305 2466 419 2519 quod
456 2466 500 2508 in
540 2467 656 2509 ealce
690 2467 789 2509 libri
828 2466 1001 2510 secundi
1040 2467 1233 2510 additum
1269 2471 1354 2521 θεῖς
1396 2481 1495 2509 nam
1525 2467 1593 2510 hie
1622 2481 1706 2511 una

32 2533 190 2588 pagina
220 2536 262 2575 et
290 2532 549 2585 insequentis
571 2533 654 2576 duo
675 2548 822 2577 uersus
842 2534 967 2577 uacui
987 2534 1123 2577 relieti
1147 2539 1257 2590 sunt,
1288 2549 1370 2589 quo
1399 2536 1443 2577 in
1463 2535 1556 2577 loeo
1577 2535 1706 2577 scribi

32 2603 205 2655 possent
235 2605 487 2653 argumenta
517 2600 615 2642 libri
645 2601 769 2655 tertii,
802 2614 912 2655 quae
941 2602 1106 2644 absunt.
1165 2601 1227 2644 ibi
1255 2614 1365 2644 nune
1395 2601 1547 2654 legitur
1577 2615 1704 2645 manu

33 2666 120 2709 alia
149 2665 226 2709 sed
255 2667 428 2720 aequali
456 2669 544 2710 fere
576 2667 636 2721 ei,
669 2668 741 2721 qui
771 2673 913 2711 cetera
942 2669 1127 2723 scripsit:
1159 2659 1194 2709 ὦ
1224 2667 1357 2723 τριάσ
1388 2663 1492 2721 ἁγία
1524 2667 1704 2718 ὄίὸαξόν

150 2800 182 2839 1)
216 2797 300 2833 uide
336 2798 578 2834 bibliothecae
601 2799 783 2835 Pellieieri
819 2800 1021 2844 catalogum
1051 2800 1090 2835 in
1119 2800 1366 2843 bibliotheque
1402 2800 1447 2835 de
1481 2800 1606 2836 l'eeole
1639 2802 1705 2837 des

34 2855 188 2889 chartes.
226 2854 298 2889 uol.
323 2854 453 2899 XLVI,
481 2857 566 2889 1885
592 2866 628 2900 p.
647 2859 689 2890 45
699 2855 735 2890 ff.
761 2859 924 2892 nostrum
949 2857 1108 2892 codicem
1133 2856 1246 2890 habes
1270 2855 1321 2890 ibi
1346 2866 1380 2899 p.
1402 2858 1442 2890 78
1467 2867 1527 2891 no.
1548 2860 1624 2892 126.

148 2912 181 2952 2)
207 2909 409 2944 f01.43v—
424 2914 488 2945 74*
513 2911 606 2946 alius
631 2912 820 2957 scripsisse
844 2913 990 2947 uidetur
1015 2923 1059 2947 ae
1084 2915 1216 2947 cetera.

148 2967 181 3008 3)
207 2975 318 3010 supra
342 2966 515 3002 additum.
633 2969 667 3008 4)
693 2981 758 3012 πρι
785 2968 863 3004 eod.
981 2971 1014 3011 5)
1039 2970 1125 3014 πρῶ
1150 2968 1230 3003 cod.
