2060 3475
831 245 1024 279 Praefatio.
1710 247 1758 281 LI

99 362 352 405 mutationes
384 361 588 404 eiusmodi
621 365 735 413 sunt,
773 365 815 401 ut
847 373 897 402 ex
930 359 1139 412 epitomae
1171 364 1319 401 natura
1351 359 1488 414 potius
1519 364 1633 402 ortae
1666 373 1758 403 csse

100 430 341 482 uideantur3
386 441 515 483 saepe
547 428 656 470 enini
690 427 730 468 in
763 427 946 481 epitoma
978 431 1048 468 aut
1081 427 1300 469 uerborum
1341 427 1442 469 ordo
1476 433 1656 470 mutatus
1687 435 1760 471 aut

100 511 174 553 pro
214 497 297 539 alio
337 496 468 539 uerbo
510 495 626 537 aliud
668 497 752 538 sere
794 508 1074 549 synonymum
1107 494 1288 548 positum
1323 501 1395 537 est.
1457 509 1585 547 quare
1617 497 1759 540 nescio

100 579 153 608 an
186 563 454 608 statuendum
501 563 574 616 sit,
618 576 668 604 cx
702 563 887 617 epitoma
919 563 994 604 has
1027 561 1330 615 discrepantias
1361 562 1401 603 in
1435 563 1504 604 LV
1537 565 1760 608 translatas

99 646 212 687 esse,
251 633 360 675 sicut
399 645 450 674 ex
492 631 556 672 SP
598 631 728 672 multa
774 631 978 672 translata
1016 643 1108 673 csse
1154 629 1428 683 coniecimus3
1470 644 1605 683 neque
1648 632 1757 674 enim

99 713 272 743 necesse
311 704 374 742 est
412 699 553 741 omnia
591 697 646 740 ad
686 712 810 740 unum
850 698 1107 752 archetypon
1147 698 1302 739 referri.
1363 704 1542 740 ceterum
1578 699 1647 740 LV
1679 713 1759 742 non

99 768 233 811 solum
275 780 366 809 cum
408 767 442 808 E
480 765 687 808 coniuncti
728 772 844 819 sunt,
889 766 964 808 sed
1005 765 1212 807 interdum
1253 764 1381 806 alium
1423 766 1615 808 comitem
1656 768 1758 809 asci-

99 840 269 888 uerunt,
315 834 357 876 id
398 833 509 887 quod
550 834 589 874 X
623 837 703 875 21«)
747 834 1011 887 obseruatur,
1057 833 1126 875 ubi
1168 846 1242 887 pro
1282 832 1488 875 Flauiano
1536 830 1761 888 ἀκριβιίας

99 901 216 946 aliud
248 897 464 958 ἀληθείας
496 907 611 944 extat
643 901 682 942 in
717 901 833 954 PLE,
866 900 977 953 quod
1010 900 1177 953 quidem
1210 900 1336 942 etiam
1367 900 1558 944 Parisino
1591 916 1641 945 ex
1675 904 1760 957 epi-

101 976 214 1014 toma
246 970 492 1012 instillatum
526 982 617 1011 esse
647 974 796 1023 potest.
858 968 961 1010 nihil
993 967 1103 1010 enim
1135 968 1296 1020 obstat,
1340 968 1438 1023 quin
1479 968 1642 1012 decimo
1674 971 1760 1013 fere

100 1039 290 1092 saeculo,
330 1051 410 1090 quo
444 1042 631 1091 tempore
673 1036 792 1078 multi
823 1050 932 1079 nouo
965 1036 1121 1090 impetu
1153 1035 1207 1078 ad
1239 1036 1399 1078 litteras
1430 1037 1624 1091 antiquas
1657 1039 1759 1080 fere-

102 1106 271 1158 bantur,
304 1112 344 1148 et
375 1106 600 1159 epitomam
633 1105 863 1146 confectam
896 1117 989 1146 esse
1021 1109 1062 1146 et
1093 1103 1458 1158 interpolationem
1491 1104 1620 1158 illam,
1654 1119 1761 1158 quae

101 1178 142 1218 et
172 1174 237 1216 SP
269 1179 310 1214 et
337 1173 407 1215 LV
439 1172 612 1224 inuasit,
649 1175 782 1213 ortam
816 1183 907 1213 esse
939 1176 1156 1226 putemus;
1189 1171 1231 1213 in
1264 1171 1327 1214 his
1367 1173 1477 1214 enim
1508 1173 1762 1227 interpolata

101 1242 309 1285 communi
342 1241 501 1283 ratione
532 1239 735 1281 contineri
766 1239 974 1282 neminem
1006 1239 1157 1293 fugiet,
1200 1245 1244 1281 ut
1275 1239 1423 1283 eodem
1455 1240 1542 1284 fere
1572 1244 1760 1296 tempore

101 1310 224 1351 simul
256 1309 298 1351 in
329 1309 470 1363 plures
510 1307 676 1350 codices
716 1307 849 1348 inlata
889 1320 982 1349 esse
1023 1307 1254 1349 uideantur.
1316 1308 1428 1361 quod
1468 1309 1502 1350 si
1534 1316 1645 1351 recte
1677 1308 1759 1351 dis-

100 1382 291 1432 putatum
324 1380 406 1429 est,
447 1380 770 1418 consentaneum
804 1379 886 1425 est,
920 1387 1011 1416 eam
1043 1374 1380 1428 similitudinem,
1414 1389 1522 1428 quae
1553 1377 1659 1419 inter
1690 1376 1762 1418 LV

101 1450 141 1488 et
164 1445 357 1486 Latinum
388 1442 621 1495 intercedit,
651 1442 756 1483 alias
789 1454 938 1484 causas
960 1442 1117 1485 habere
1143 1443 1311 1496 aliaque
1342 1444 1658 1487 ratiocinatione
1690 1458 1758 1486 ex-

100 1511 340 1567 plicandam
371 1524 474 1553 esse.

213 1579 335 1630 Quod
365 1593 464 1621 uero
496 1592 624 1632 supra
654 1576 820 1620 codices
851 1576 923 1618 LV
960 1590 1011 1619 ex
1049 1577 1213 1620 duobus
1244 1578 1401 1621 diuersi
1441 1579 1606 1632 generis
1640 1579 1759 1622 libris

102 1647 303 1691 conflatos
326 1660 420 1689 esse
442 1646 612 1698 conieci,
645 1645 688 1687 id
710 1645 850 1687 nescio
872 1658 925 1687 an
957 1658 1006 1687 eo
1039 1644 1316 1699 confirmetur,
1349 1646 1462 1699 quod
1495 1646 1536 1688 in
1569 1647 1761 1689 omnibus

102 1717 187 1758 fere
220 1715 434 1758 codicibus
465 1713 676 1765 hodieque
707 1717 854 1755 extant
884 1717 1009 1755 notae
1034 1725 1087 1755 ex
1109 1712 1416 1767 antiquioribus
1448 1715 1760 1769 exemplaribus

100 1787 304 1838 sumptae,
337 1786 377 1825 et
399 1782 582 1824 maxime
603 1780 645 1822 in
667 1780 941 1823 Laurentiani
960 1780 1149 1834 margine
1171 1785 1397 1835 supersunt
1428 1782 1586 1824 multae
1617 1782 1761 1824 uariae

100 1850 300 1894 lectiones
331 1849 526 1903 aliaeque
556 1847 874 1902 adnotationes,
907 1846 959 1890 de
991 1847 1143 1901 quibus
1174 1861 1302 1902 supra
1332 1847 1421 1891 dixi
1450 1848 1506 1905 (p.
1538 1850 1644 1892 XIII
1666 1851 1760 1903 sq.).

100 1932 193 1961 eum
215 1918 325 1960 enim
348 1917 390 1958 X
412 1918 437 1969 ξ
458 1919 481 1957 9
503 1917 560 1971 (p.
585 1918 679 1970 332,
705 1915 775 1970 15)
807 1916 840 1957 L
870 1916 913 1958 in
947 1920 1065 1958 textu
1097 1916 1255 1958 habeat
1286 1915 1546 1970 ἑτοιμασίαν
1578 1920 1759 1971 παρέχει

100 1982 214 2039 -ἱ-μῑν,
246 1986 289 2027 111
311 1985 499 2039 margine
529 2000 578 2038 γρ
611 1982 791 2037 ἕτοιμοσ
823 1982 915 2039 εἴην
946 1985 1165 2038 παρέχειν,
1197 1983 1296 2026 111(18
1318 1983 1518 2027 discimus
1550 1984 1760 2039 quomodo

100 2058 234 2097 ortum
274 2053 329 2095 sit
365 2052 477 2106 quod
514 2052 714 2095 exhibent
748 2052 858 2095 MSP
895 2066 948 2095 ex
983 2055 1161 2106 utroque
1201 2051 1435 2095 conflatum.
1505 2052 1619 2096 idem
1657 2055 1677 2096 I
1712 2056 1761 2094 16

99 2121 291 2164 uidemus
333 2120 509 2173 aliisque
548 2120 663 2162 lociS.
724 2120 879 2163 similia
909 2120 1103 2163 Vaticani
1141 2120 1417 2175 archetypum
1460 2121 1761 2164 adnotamenta

100 2189 299 2232 habuisse
338 2187 523 2241 uidetur,
565 2201 657 2229 811111
687 2188 728 2230 in
761 2189 964 2231 Vaticano
995 2187 1086 2242 ipso
1124 2188 1227 2230 talia
1256 2187 1426 2242 saepius
1455 2189 1563 2231 inter
1591 2188 1761 2243 Iosephi

100 2256 232 2299 uerba
253 2254 431 2310 delapsa
461 2255 553 2298 sint.
604 2256 719 2298 uelut
739 2256 796 2298 VI
818 2258 898 2297 319
920 2255 962 2296 in
983 2256 1016 2296 L
1039 2260 1103 2298 est
1132 2252 1246 2309 πρὸς
1270 2253 1353 2308 Άχὶ
1386 2254 1460 2297 τὸν
1494 2259 1651 2312 Γίττης
1679 2259 1761 2309 βα-

102 2323 238 2374 σιλέα,
272 2323 376 2366 etin
397 2324 585 2377 margine
606 2324 835 2378 ascriptum
856 2318 1043 2378 Ἀγχοῦς,
1075 2323 1118 2365 111
1149 2324 1183 2366 V
1205 2329 1322 2365 extat
1350 2319 1433 2376 Άχὶ
1467 2320 1560 2379 ἤτοι
1584 2320 1761 2378 Ἀγχοῦς

101 2389 176 2433 τὸν
206 2386 465 2445 §imm-nov,-
504 2396 545 2434 et
575 2387 808 2446 Ἄγχουσος
846 2391 954 2433 infra
984 2403 1150 2444 quoque
1190 2392 1215 2442 ξ
1247 2394 1326 2433 322
1360 2392 1403 2433 in
1433 2391 1622 2444 margine
1653 2392 1760 2434 Lau-

101 2458 280 2502 rentiani
304 2464 433 2511 extat,
464 2459 507 2501 in
529 2463 647 2502 textu
667 2459 873 2501 Vaticani.
933 2459 1082 2502 eodem
1104 2458 1213 2500 redit
1234 2459 1347 2513 quod
1369 2460 1425 2501 Vl
1447 2462 1525 2500 360
1550 2458 1608 2512 (p.
1632 2461 1698 2512 83,
1715 2458 1760 2513 9)

102 2527 145 2569 111
165 2527 203 2568 V
220 2527 251 2581 ¹)
273 2527 427 2581 legitur
448 2525 646 2568 Βάσελον
669 2523 766 2582 ἤτοι
788 2524 935 2581 Βοσὸρ
957 2527 1030 2568 καὶ
1052 2525 1252 2582 Βόσηρον
1275 2525 1518 2581 λεγόμενον,
1541 2531 1581 2568 et
1602 2527 1658 2568 VI
1680 2528 1760 2568 369

105 2593 146 2636 οἱ
168 2593 327 2642 παῖδες
352 2588 566 2650 Ἰωνάθης
595 2594 667 2635 καὶ
693 2589 942 2648 Ἰονάόαβος
962 2595 1035 2637 καὶ
1059 2595 1284 2647 ,Μέλχισος
1314 2595 1384 2635 καὶ
1403 2589 1698 2647 Ἀμινάδαβος
1714 2592 1758 2648 1),

105 2661 175 2715 qui
204 2662 248 2704 in
279 2662 451 2716 reliquis
482 2660 600 2704 libris
630 2666 714 2703 tres
745 2665 840 2704 sunt
865 2657 1077 2718 Ἰωνάθης
1108 2663 1180 2703 καὶ
1201 2656 1496 2715 Ἀμινάδαβος
1530 2662 1603 2703 καὶ
1634 2661 1761 2703 ,Ἠέλ-

101 2743 250 2781 χισος;
281 2742 375 2772 811111
397 2729 507 2772 8111111
528 2742 610 2772 non
631 2724 927 2783 Ἀμινάδαβος
954 2730 1138 2773 habeant
1161 2729 1238 2782 SP,
1270 2729 1344 2771 sed
1376 2724 1692 2782 ἆμιωνάταβοσ
1711 2729 1758 2784 P,

107 2790 388 2850 ἆῖωνάταβοσ
419 2797 466 2849 S,
509 2792 857 2850 ἆμιωνάσσαβοσ
889 2797 1022 2840 Vatia.
1059 2800 1178 2851 1304,
1208 2797 1251 2838 in
1282 2796 1318 2837 V
1349 2810 1401 2839 ex
1432 2796 1550 2838 uaria
1581 2796 1761 2839 lectione

106 2877 260 2906 nouum
291 2878 442 2908 nomen
473 2864 667 2908 effectum
689 2878 782 2908 esse
804 2865 935 2907 uides.
983 2865 1131 2907 itidem
1153 2864 1231 2905 VII
1253 2866 1305 2904 46
1329 2864 1386 2918 (p.
1410 2865 1475 2917 99,
1503 2863 1585 2918 19),
1615 2864 1688 2906 ubi
1717 2863 1761 2904 in

223 3010 254 3049 1)
279 3008 365 3052 quid
387 3009 418 3043 L
442 3009 575 3044 habeat
597 3009 731 3044 neseio.
