2060 3475
815 229 1008 265 Praefatio.
1657 235 1738 269 XIX

85 347 248 386 estnon
271 343 438 395 multas,
468 355 494 384 a
516 341 680 385 duobus
702 343 839 385 factae
861 347 957 386 sunt
983 344 1178 399 librariis,
1210 345 1344 388 altero
1375 345 1454 401 ipsi
1487 347 1651 391 scribac
1675 361 1741 392 ac-

83 410 210 464 quali,
242 411 375 452 altero
399 410 640 452 recentiore.
690 411 840 465 prioris
871 411 1035 454 dimidii
1068 426 1211 466 margo
1244 414 1400 468 passim
1431 413 1741 459 adnotamentis

82 477 209 520 minio
242 477 364 532 pictis
395 476 615 520 distinctus
637 484 712 532 est,
745 492 852 531 quae
876 493 957 522 una
978 493 1070 522 cum
1093 480 1237 523 codice
1260 482 1415 536 scripta
1437 495 1529 524 csse
1552 489 1740 537 apparet.

81 547 177 588 sunt
214 545 460 599 plerumque
498 557 636 586 rerum
674 550 936 588 narratarum
980 546 1163 600 indices,
1204 549 1317 591 uelut
1356 548 1411 590 ad
1453 549 1546 590 libri
1579 551 1618 591 X
1652 551 1740 593 init.

80 611 167 665 (fol.
192 612 288 666 99‘)
318 613 421 667 περὶ
460 613 733 666 σεναχιῃεὶιιι.
794 611 904 654 κατὰ
945 612 1108 662 §genior
1150 614 1441 668 στρατεύσασ·
1481 619 1554 658 καὶ
1595 617 1741 671 λαβὼν

77 678 278 735 χρήματα
310 677 386 721 ἐπὶ,
415 681 477 720 τῶ
510 683 788 722 σπείσασθαι
825 676 961 722 αὐτοῦ
991 680 1069 734 μὲν
1102 676 1307 736 ἀπῆλθεν
1339 684 1570 738 κατέλειψε
1598 685 1641 726 d&
1665 684 1741 728 τὸν

81 745 323 802 στρατηγὸν
355 741 487 789 αὐτοῦ
519 747 723 804 ῥαψάκιιν
754 747 865 802 μετὰ
895 752 1082 802 βαρείασ
1113 748 1343 802 δυνάμεωσ
1373 750 1664 806 πορθήσοντα
1685 753 1740 795 τὰ

82 812 358 870 {spondit-pta.
398 817 540 870 paullo
564 816 902 859 memorabiliora
930 822 1026 858 sunt
1055 817 1227 860 notulae
1247 821 1345 870 tres,
1376 818 1418 859 in
1441 819 1593 871 quibus
1615 821 1741 863 libra-

78 883 164 925 rius
195 896 287 925 eum
308 883 489 938 Iosepho
521 885 687 938 litigare
719 883 904 937 uidetur;
937 883 1117 938 primum
1149 884 1205 926 ad
1235 883 1359 927 finem
1392 886 1486 927 libri
1514 887 1616 939 11&
1640 888 1740 942 347)

79 950 277 1004 legimus:
321 946 420 992 οὐδὲ
461 950 643 1006 ἕβραῖοσ
682 948 738 1006 ἧσ
774 942 807 991 ὦ
841 949 1013 1006 ἰιιῖσηγῑε
1044 949 1154 992 κατὰ
1184 949 1233 992 τὸ
1269 948 1516 1005 αὐτόματον
1549 954 1741 1006 δοξάζων

76 1016 125 1059 τὸ
160 1017 258 1071 (sic)
290 1020 372 1073 τῇσ
405 1018 643 1075 :misicone
674 1019 890 1072 διαίρεσιν
920 1017 1151 1072 γενόμενον
1172 1018 1283 1073 (sic),
1316 1025 1356 1062 et
1376 1034 1475 1063 mox
1497 1022 1553 1064 ad
1575 1022 1739 1066 initium

77 1085 174 1128 libri
204 1087 265 1128 III
295 1087 339 1138 (ξ
362 1088 405 1139 S)
438 1082 486 1128 οὐ
518 1088 599 1141 τῆσ
631 1085 674 1127 ἐν
706 1087 801 1128 θεώ
834 1088 1202 1140 θαυματουργίασ
1234 1100 1305 1128 σοι
1337 1087 1523 1130 δοκεῖτὸ
1556 1091 1738 1143 yle-zm»-

78 1222 137 1263 ΙΙΙ
170 1227 191 1269 ξ
216 1224 371 1275 95sqq.
413 1222 713 1274 παραλείπεισ
753 1219 925 1276 &borlas
962 1218 1040 1274 τὴν
1078 1225 1375 1274 μοσχοποιίαν
1416 1222 1459 1265 ἐν
1503 1223 1623 1267 αἰδοῖ
1652 1229 1739 1268 τῶν

81 1288 321 1344 προγόνων.
381 1289 562 1343 denique
601 1287 920 1331 memorandum
961 1293 1024 1331 est
1065 1289 1104 1330 in
1146 1290 1335 1343 margine
1374 1291 1443 1334 fol.
1475 1295 1574 1333 170r
1614 1307 1739 1337 manu

79 1369 310 1411 recentiore
340 1369 538 1423 scriptum
569 1381 683 1410 esse:
714 1366 799 1423 μὴν
831 1367 971 1424 (μηνὶ)
1003 1370 1175 1421 μαρτίω
1209 1359 1252 1422 ᾗ
1282 1359 1424 1423 ἦλθον
1463 1369 1524 1419 εἷς
1554 1370 1632 1427 τὴν
1664 1367 1739 1414 ἇν-

82 1437 324 1512 δριανούπλ,
348 1459 461 1512 quod
482 1460 661 1501 fortasse
681 1458 946 1501 Busbeckius
967 1458 1199 1500 adnotauit.
1242 1472 1341 1501 nam
1362 1459 1484 1502 huius
1505 1462 1583 1503 fuit
1604 1462 1740 1506 codex

79 1530 305 1580 antequam
344 1526 386 1568 in
426 1526 727 1568 bibliothecam
765 1525 958 1568 Caesaris
999 1525 1252 1579 deferretur,
1291 1527 1346 1568 ab
1389 1540 1438 1569 eo
1478 1529 1569 1570 sine
1610 1530 1738 1573 dubio

83 1593 447 1647 Constantinopoli
479 1597 654 1647 emptus.
715 1592 893 1635 collatus
925 1596 988 1635 est
1018 1605 1044 1632 a
1074 1592 1213 1645 Bosio,
1245 1594 1362 1636 euius
1391 1608 1520 1648 opera
1550 1597 1614 1638 usi
1645 1602 1742 1640 sunt

82 1661 272 1703 Bernard
292 1660 467 1703 Hudson
488 1661 775 1714 Hauerkamp.
825 1659 963 1702 denuo
994 1659 1086 1713 ipse
1114 1662 1246 1702 totum
1269 1662 1424 1704 contuli
1445 1662 1742 1720 Vratislauiae,

82 1741 163 1781 quo
194 1729 297 1771 mihi
327 1729 461 1771 codex
495 1727 559 1770 bis
588 1728 840 1770 Vindobona
870 1728 1022 1770 missus
1053 1732 1127 1770 est.

195 1795 230 1838 b.
262 1796 458 1850 Sequitur
486 1796 620 1838 codex
643 1796 947 1838 Laurentianus
971 1796 1073 1850 plut.
1096 1795 1240 1837 LXIX
1263 1795 1354 1838 cod.
1378 1798 1428 1838 23
1461 1798 1619 1840 saeculi
1639 1798 1742 1840 XIV

81 1867 154 1905 aut
182 1862 263 1905 XV
303 1863 571 1917 chartaceuS,
612 1863 684 1916 qui
713 1877 740 1905 a
769 1863 980 1906 Bandinio
1012 1863 1262 1906 describitur
1291 1863 1333 1906 in
1373 1865 1555 1918 catalogi
1595 1867 1680 1908 uol.
1700 1867 1742 1909 II

75 1944 115 1985 p.
141 1932 219 1972 642
232 1943 294 1984 sq.
325 1930 512 1973 continet
543 1930 768 1985 epitomam
802 1931 1102 1984 antiquitatum
1131 1931 1333 1973 librorum
1353 1931 1501 1985 uiginti
1523 1933 1626 1975 satis
1647 1933 1740 1975 dili-

80 2001 230 2052 genter
258 1998 471 2053 scriptam.
520 1998 628 2041 libro
658 1998 880 2041 undecimo
905 1998 1162 2041 inscribitur:
1193 1996 1398 2041 ἐντεῦθεν
1431 1994 1535 2055 ἀρχὴ
1566 2003 1642 2056 τῆς
1670 2004 1740 2055 βί-

77 2065 185 2118 βλου
215 2067 297 2120 τῆσ
327 2065 549 2121 ὁευτέρασ,
581 2078 663 2119 quo
695 2065 962 2109 confirmatur
992 2066 1219 2120 epitomam
1250 2067 1350 2110 olim
1381 2068 1491 2110 binis
1520 2068 1740 2111 uolumini-

79 2131 158 2174 bus
188 2133 317 2175 fuisse
348 2133 559 2176 traditam.
608 2133 720 2176 hune
741 2133 928 2176 codicem
949 2134 1118 2176 Manuel
1141 2134 1313 2189 quidam
1338 2135 1518 2191 scripsit,
1549 2140 1595 2177 ut
1616 2136 1740 2179 docet

79 2200 330 2255 subscriptio
361 2201 503 2243 haec:-

432 2268 545 2323 χειρὶ
577 2266 795 2323 Μανουὴλ
823 2267 952 2324 τήνδε
981 2285 1059 2322 μοι
1087 2271 1231 2324 γνῶθι
1263 2268 1355 2319 ξένε

437 2334 586 2378 δέλτον
616 2337 838 2391 γραφῆναι
867 2337 941 2378 καὶ
972 2339 1113 2391 πέρας
1143 2336 1371 2394 εἰληφέναι

433 2398 566 2458 αὐλῆς
597 2402 800 2458 λογιστοῦ
828 2398 1067 2460 τοῦπίκλην
1099 2403 1146 2454 ἐξ
1175 2400 1378 2460 ἀγγέλων.

79 2480 203 2524 huius
234 2494 400 2535 quoque
434 2483 477 2525 in
507 2482 696 2538 margine
725 2486 850 2526 notae
879 2487 976 2526 sunt
1004 2497 1131 2526 manu
1160 2483 1298 2538 prima
1327 2483 1454 2526 minio
1483 2483 1636 2537 pictae,
1666 2497 1735 2527 ue-

80 2548 157 2590 luti
186 2548 242 2591 ad
271 2549 333 2591 III
363 2552 387 2600 ξ
419 2552 471 2591 95
502 2549 615 2593 idem
647 2555 777 2604 extat,
808 2551 922 2603 quod
951 2551 994 2592 in
1023 2551 1332 2594 Busbeckiano.
1391 2550 1504 2592 addo
1535 2564 1598 2604 ea,
1629 2563 1738 2604 quae

81 2615 230 2659 eadem
261 2631 410 2660 manus
441 2617 591 2660 eodem
621 2619 761 2661 colore
781 2618 838 2660 ad
862 2618 1001 2661 locum
1022 2619 1341 2661 celeberrimum
1362 2619 1458 2660 Ant.
1480 2617 1570 2659 Iud.
1591 2618 1738 2661 XVIII

78 2685 115 2725 3.
139 2686 186 2738 3,
217 2684 290 2726 ubi
321 2684 374 2727 de
404 2686 498 2729 Iesu
530 2685 696 2728 Christo
726 2685 888 2740 agitur,
918 2686 1162 2740 adscripsit:
1193 2687 1297 2740 περὶ
1327 2686 1405 2726 τοῦ
1435 2688 1581 2740 κυρίου
1611 2681 1736 2741 ἡμῶν

81 2749 207 2806 ἰησοῦ
233 2754 427 2807 χριστοῦ.
487 2754 625 2794 ταῦτα
654 2752 733 2806 μὲν
765 2751 961 2794 ἐνταῦθα
991 2754 1095 2807 περὶ
1125 2755 1203 2795 τοῦ
1229 2754 1409 2807 χριστοῦ
1440 2753 1575 2808 φησὶν
1606 2750 1628 2794 ὁ
1661 2752 1736 2794 ἰώ-

83 2832 229 2875 σηποσ
268 2818 312 2861 ἓν
351 2819 398 2860 δὲ
427 2821 489 2860 τῶ
529 2818 648 2875 προσ
688 2818 874 2876 ἕλληνασ
911 2819 1024 2875 λόγω
1065 2816 1114 2862 οὗ
1152 2821 1224 2862 καὶ
1264 2817 1285 2862 ὃ
1328 2814 1456 2874 ἅγιοσ
1488 2819 1680 2877 ἷωάννησ
1711 2817 1734 2862 ὃ

83 2906 364 2966 ὄαμασκηνὸσ
393 2912 545 2962 μνείαν
577 2918 775 2951 ποιεῖται
807 2908 850 2952 ἓν
870 2911 923 2965 τῆ
944 2913 1195 2967 πονηθείση
1220 2900 1296 2951 αὐτ
1324 2910 1464 2962 βίβλω
1494 2912 1547 2966 τῆ
1577 2911 1734 2952 καλου-

83 2976 187 3031 μένη
209 2975 492 3032 παράλληλα·
524 2971 572 3018 οὗ
596 2979 977 3030 συνεσκιασμένωσ
1008 2972 1104 3019 ἀλλ’
1132 2972 1525 3030 ἆπαρακαλύπτωσ
1544 2979 1617 3020 καὶ
1638 2976 1734 3019 υἱὸν

1405 3043 1464 3078 Β*
