2160 3439
332 213 414 251 316
729 207 894 251 ANTIQ.
918 206 1016 242 IUD.
1040 206 1073 241 V
1100 208 1276 242 116-121
1302 209 1327 249 (ι
1343 212 1394 238 28.
1409 212 1460 241 29.
1487 210 1510 238 n
1527 212 1554 238 1.
1570 209 1602 249 2)

334 324 484 373 αὐτοῖς
513 319 721 378 τοιαύτην
749 321 1012 363 καταλιπεῖν
1032 316 1257 369 κάκείνους
1276 315 1401 375 ἠξίου
1424 318 1498 362 διὰ
1518 319 1690 375 μνήμης
1712 317 1999 375 ποιήσασθαι

333 391 411 448 τὴν
442 389 780 446 παρακέλευσιν.

223 464 301 503 117
447 462 515 502 29.
566 457 655 499 Καὶ
695 453 716 498 ὅ
749 455 829 510 μὲν
859 456 1055 498 τοσαῦτα
1093 452 1208 509 πρὸς
1236 452 1339 503 τοὺς
1378 453 1605 509 παρόντας
1645 453 1898 506 διαλεχθεὶς
1926 468 1998 495 τε-

333 527 464 582 λευτᾷ
492 523 617 579 βιοὺς
647 522 801 566 ἑκατὸν
833 522 905 580 ἔτη
937 524 1010 565 καὶ
1042 522 1165 574 δέκα,
1206 516 1266 563 ὦν
1299 524 1487 579 Μωυσεῖ
1515 521 1594 575 μὲν
1626 519 1703 563 ἐπὶ
1735 520 1999 577 διδασκαλίᾳ

332 595 420 636 τῶν
447 596 674 649 χρησίμων
705 590 1014 645 συνδιέτριψεν
1044 587 1394 644 τεσσαράκοντα,
1433 587 1673 644 στρατηγὸς
1705 587 1752 630 δὲ
1781 586 1892 642 μετὰ
1921 585 2000 644 τὴν

222 664 302 706 118
335 659 499 704 ἐκείνου
521 658 724 715 τελευτὴν
754 662 922 714 γίνεται
952 660 1087 700 πέντε
1106 658 1176 699 καὶ
1202 656 1379 707 εἴκοσιν,
1413 650 1521 711 ἀνὴρ
1553 654 1630 712 [δὲ]
1653 655 1763 712 μήτε
1785 657 2001 705 συνέσεως

332 721 392 770 ὢν
433 725 580 783 ἐνδεὴς
619 725 728 782 μήτε
757 728 836 768 τοῦ
865 724 920 767 τὰ
961 727 1181 781 νοηθέντα
1219 723 1334 779 πρὸς
1371 721 1474 773 τοὺς
1513 721 1706 773 πολλοὺς
1744 725 1902 780 σαφῶς
1932 721 2000 773 ἐξ·

333 803 518 851 ενεγιιεῖν
549 791 755 848 ἄπειρος,
789 789 886 836 ἀλλ)
915 792 959 835 ἐν
991 788 1262 849 ἀμφοτέροις
1301 787 1432 846 ὄῖκρος
1470 789 1584 845 πρός
1613 806 1661 832 τε
1690 789 1745 832 τὰ
1785 789 1891 846 ἔργα
1927 790 1999 832 καὶ

331 861 434 912 τοὺς
463 861 690 912 κινδύνους
721 858 911 916 εὔψυχος
941 862 1015 903 καὶ
1044 858 1374 914 μεγαλότολμος
1406 860 1707 913 πρυτανεῦσαί
1726 873 1774 900 τε
1803 856 1858 900 τὰ
1888 855 2000 899 κατὰ

332 929 410 986 τὴν
443 929 616 987 εἰρήνην
648 928 912 978 δεξιώτατος
942 928 1015 970 καὶ
1047 926 1161 983 πρὸς
1183 921 1362 968 ἅπαντα
1382 924 1536 980 καιρὸν
1565 924 1643 981 τὴν
1675 920 1832 981 ἆρετὴν
1862 921 2002 981 ἥρμο-

223 1000 300 1041 119
332 1001 503 1052 σμένος.
542 996 772 1039 θάπτεται
796 996 842 1038 δὲ
865 995 909 1038 ἐν
930 994 1063 1038 πόλει
1088 995 1245 1047 Θαμνᾶ
1266 995 1344 1049 τῆς
1359 988 1601 1047 Ἐφραίμου
1628 993 1782 1049 φυλῆς.
1814 991 2002 1048 θνήσκει

332 1065 379 1108 δὲ
416 1060 498 1108 ὑπ’
526 1060 659 1107 αὐτὸν
688 1062 766 1106 τὸν
806 1062 960 1118 καιρὸν
1001 1064 1074 1105 καὶ
1102 1057 1356 1117 Ἐλεάζαρος
1396 1057 1417 1103 ὃ
1463 1056 1686 1116 ἀρχιερεὺς
1719 1062 1908 1116 Φινεέσῃ
1939 1061 2003 1115 τῷ

331 1132 464 1175 παιδὶ
493 1130 572 1189 τὴν
605 1130 845 1188 ἱερωσύνην
874 1129 1147 1182 καταλιπών,
1183 1131 1255 1172 καὶ
1285 1137 1498 1186 μνημεῖον
1529 1123 1649 1184 αὐτῷ
1679 1129 1753 1171 καὶ
1781 1126 1927 1185 τάφος
1957 1125 2002 1170 ἓν

332 1201 528 1255 Γαβαθᾶ
557 1199 690 1242 πόλει
717 1198 930 1254 τυγχάνει.

222 1271 300 1312 120
444 1269 500 1311 Π,
534 1271 571 1310 1.
593 1265 727 1309 ,Μετὰ
760 1267 807 1309 δὲ
837 1265 916 1322 τὴν
946 1264 1114 1307 τούτων
1134 1263 1338 1321 τελευτὴν
1362 1266 1578 1320 Φινεέσης
1599 1261 1871 1320 προφητεύει
1891 1260 2002 1305 κατὰ

331 1335 410 1393 τὴν
431 1337 511 1378 τοῦ
540 1337 653 1378 θεοῦ
682 1333 894 1391 βούλησιν
916 1331 991 1376 ἐπ’
1018 1332 1201 1389 ἐξωλείᾳ
1221 1333 1300 1374 τοῦ
1320 1335 1592 1374 Χαναναίων
1612 1333 1762 1386 γένους
1782 1332 1835 1386 τῇ
1861 1325 2003 1374 Ἰούδα

333 1405 451 1462 φυλῇ
481 1411 727 1459 παρασχεῖν
757 1400 836 1458 τὴν
876 1398 1135 1459 ἡγεμονίαν·
1175 1400 1247 1442 καὶ
1283 1399 1365 1455 γὰρ
1395 1401 1458 1454 τῷ
1489 1400 1583 1454 λαῷ
1616 1397 1690 1441 διὰ
1723 1398 1921 1455 σπουδῆς
1950 1388 2002 1454 ἦν

331 1475 499 1527 μαθεῖν
529 1475 573 1514 τί
602 1472 673 1513 καὶ
697 1472 759 1526 τῷ
782 1471 878 1525 θεῷ
909 1468 1040 1511 δοκεῖ.
1090 1469 1163 1510 καὶ
1185 1469 1505 1524 προσλαβοῦσα
1525 1465 1603 1523 τὴν
1625 1465 1892 1520 Σεμεωνίδα,
1925 1459 1998 1522 ἐφ’

333 1537 419 1596 ᾧτε
450 1539 769 1595 ἐξαιρεθέντων
798 1539 886 1580 τῶν
918 1536 1083 1593 ἐκείνης
1112 1533 1341 1579 ὑποτελῶν
1371 1537 1445 1578 καὶ
1475 1533 1578 1584 τοὺς
1610 1533 1654 1576 ἐν
1686 1529 1796 1590 αὐτῇ
1816 1535 1870 1590 τῇ
1899 1533 2003 1590 κλη-

334 1611 487 1664 ρουχίᾳ
517 1609 647 1665 τοῦτο
680 1608 874 1649 ποιῶσιν
894 1621 915 1644 *

224 1677 298 1717 121
449 1679 487 1717 2.
534 1679 788 1717 Χαναναῖοι
826 1668 867 1715 δ’
896 1667 1177 1726 ἀκμαζόντων
1218 1665 1369 1720 αὐτοῖς
1407 1665 1502 1711 κατ’
1533 1668 1696 1712 ἐκεῖνον
1735 1667 1812 1711 τὸν
1850 1665 2003 1723 καιρὸν

334 1744 422 1785 τῶν
454 1741 726 1797 πραγμάτων
759 1742 933 1796 στρατῷ
963 1738 1141 1795 μεγάλῳ
1167 1737 1277 1781 κατὰ
1299 1740 1490 1794 Ζεβέκην
1521 1732 1681 1787 αὐτοὺς
1700 1733 1920 1791 ὑπέμενον
1939 1736 2004 1791 τῷ

448 1891 468 1931 ξ
497 1891 557 1923 117
586 1905 626 1918 =
652 1887 761 1921 Iosua
783 1885 904 1921 XXIV
930 1887 990 1929 293
1017 1887 1036 1927 ξ
1065 1888 1127 1920 119
1153 1903 1196 1914 =
1220 1884 1335 1920 Iudic.
1361 1882 1397 1917 Π
1422 1886 1462 1927 83
1489 1884 1510 1926 ξ
1537 1886 1600 1918 120
1626 1899 1668 1911 =
1693 1882 1807 1919 ludio.
1832 1882 1907 1918 11.

446 2021 913 2058 ROMSPLELatZonaras
927 2021 944 2055 I
960 2032 995 2065 p.
1015 2022 1055 2055 80
1066 2031 1118 2064 sq.
1151 2020 1358 2065 Stephanus
1369 2019 1454 2064 Byz.
1471 2030 1499 2054 s.
1515 2017 1669 2065 Ζεβέκη.
1695 2015 1854 2051 Michael
1869 2015 2001 2060 Glycas

330 2091 366 2125 p.
394 2082 471 2114 305.

449 2139 461 2169 1
490 2136 762 2171 *καταλειπεῖν
784 2133 823 2168 Μ
931 2129 1129 2169 κᾶκείνοισ
1152 2132 1185 2167 Ε
1293 2127 1396 2178 ἠξίου
1419 2141 1487 2166 om.
1514 2130 1546 2164 E
1660 2131 1853 2165 ποιεῖσθαι
1879 2127 1911 2162 Ε

332 2196 350 2226 3
377 2195 495 2228 ταῦτα
522 2191 554 2226 Ε
624 2193 645 2225 4
668 2193 798 2235 μωϋσῆ
824 2189 955 2224 ROLE
1036 2193 1054 2224 5
1080 2188 1315 2235 συνδιέτριψε
1340 2187 1546 2222 O²MS²P²L
1617 2189 1637 2219 6
1662 2185 1815 2226 *πέντε1
1839 2194 1907 2218 sea:
1930 2183 2004 2219 Lat

445 2246 566 2284 εἴκοσι
590 2246 701 2281 MS¹P
791 2246 840 2288 δὲ]
868 2256 960 2280 eras.
986 2246 1010 2281 S
1035 2256 1102 2280 om.
1129 2245 1200 2280 Lat
1224 2247 1265 2279 ut
1288 2243 1362 2278 uid.
1434 2247 1450 2276 ἵ
1479 2240 1534 2279 (ὂν
1559 2253 1625 2277 om.
1652 2241 1804 2277 ROSPL
1896 2238 2001 2286 μήτε]

329 2302 421 2351 μηδὲ
437 2304 500 2339 Ro
595 2306 614 2338 S
639 2300 772 2349 ἅκρωσ
797 2303 835 2337 Μ
928 2315 969 2338 τε
994 2299 1052 2343 τὰ]
1079 2299 1124 2338 τά
1150 2314 1190 2337 τε
1215 2300 1278 2335 Ro
1375 2303 1413 2334 10
1441 2297 1565 2335 πάντα
1591 2298 1644 2333 SP
1743 2300 1781 2332 12
1805 2292 1887 2339 ὑπ’]
1912 2291 2002 2333 κατ’

330 2360 437 2396 MLE
530 2356 600 2396 τὸν
625 2370 691 2394 om.
718 2359 750 2393 E
848 2360 886 2392 13
912 2355 1129 2404 ἱερωσύνην]
1156 2353 1438 2403 ἀρχιερωσύνην
1462 2354 1736 2390 OMSPLEZon
1760 2353 2002 2388 sacerdotium

330 2417 403 2452 Lat
471 2413 738 2452 *καταλειπὼν
755 2415 793 2449 Μ
868 2418 906 2449 15
932 2414 955 2448 i.
970 2425 1080 2458 marg.
1095 2411 1132 2461 β’
1150 2413 1213 2448 Ro
1241 2412 1285 2447 Il
1308 2413 1378 2448 Lat
1447 2411 1676 2458 *φινεέσσησ
1699 2410 1738 2444 Μ
1811 2413 1850 2445 16
1874 2404 2001 2452 Ἰούδα]

332 2473 479 2509 ιὀυδαία
504 2472 579 2507 ΜΕ
663 2475 701 2507 17
727 2468 982 2518 *ἡγεμονείαν
1007 2470 1035 2505 Ο
1121 2473 1160 2504 18
1187 2472 1275 2505 *καὶ
1301 2469 1693 2515 προσλαβοῦσα-20
1719 2469 1891 2508 ποιῶσιν]
1918 2472 2003 2502 tuno

331 2533 518 2574 assumpta
543 2533 597 2563 est
620 2529 728 2563 etiam
753 2528 866 2563 tribus
889 2538 1037 2572 symeon
1061 2526 1110 2560 ad
1132 2525 1383 2572 puqrmndum,
1409 2530 1588 2570 quatenns
1613 2523 1867 2558 exterminatis
1891 2521 2002 2557 hosti-

331 2585 394 2620 bus
417 2585 487 2627 sub(
508 2585 644 2619 ditione
667 2585 772 2620 etiam
798 2595 859 2619 eos
884 2584 949 2629 qni
971 2584 1007 2617 in
1033 2583 1113 2628 ipsa
1137 2588 1235 2617 sorte
1259 2581 1501 2616 consistebant
1525 2581 1713 2625 efficerent
1738 2579 1809 2614 Lat
1938 2579 2002 2614 καὶ

330 2644 620 2688 προσλαβοῦσα]
645 2637 919 2687 προσλαβούσῃ
945 2638 1103 2674 Dindorf
1201 2640 1431 2683 Σεμεωνίδα]
1459 2638 1665 2682 συμεωνίδα
1692 2635 1765 2670 ME
1790 2635 2001 2679 σνμεωνίὸα

330 2696 448 2745 φυλήν
473 2697 633 2733 SPLLat
727 2701 767 2732 19
793 2695 1103 2743 *ἐξαιρεθέντων,
1129 2709 1166 2730 αι
1192 2695 1214 2729 i.
1231 2705 1301 2730 ras.
1316 2705 1361 2728 m.
1377 2694 1437 2728 21³
1532 2695 1639 2728 *τῶν
1662 2691 1818 2737 ἐκείνης]
1844 2691 2002 2727 ἐκείνων

329 2754 469 2790 ROML
494 2756 571 2789 τιῦν
595 2752 719 2799 ἐκείνῃ
738 2753 881 2797 Cocceji
953 2749 1053 2793 τοὺς]
1080 2754 1145 2787 τοῦ
1163 2751 1236 2786 S¹E
1308 2745 1429 2795 *αι’-τῇ
1450 2753 1506 2795 τῇ]
1533 2745 1623 2794 αὖτῆ
1641 2747 1734 2783 ROP
1761 2743 1852 2792 αὐτῆ
1879 2749 1946 2792 τῆσ
1969 2746 2000 2782 L

332 2809 447 2856 ταύτῃ
474 2813 519 2856 τῇ
543 2810 636 2845 coni.
663 2806 775 2856 αὐτῆς
800 2811 845 2855 τῇ
872 2808 1016 2852 Cocceji
1132 2807 1393 2853 *κληροι-χίιισ
1417 2806 1447 2841 L
1565 2808 1606 2839 20
1632 2807 1804 2843 ποιῶσιν]
1831 2805 2002 2847 ποιῶμεν

331 2867 467 2902 ROML
493 2869 678 2910 ποιοῦμεν
702 2864 734 2901 Ε
828 2868 865 2900 21
896 2868 915 2907 ς’
939 2867 995 2898 121
1025 2863 1207 2908 excerpsit
1225 2863 1356 2908 Glycas
1452 2864 1494 2895 22
1519 2857 1616 2897 κατὰ
1643 2859 1820 2906 Ζεβέκην]
1846 2857 2000 2894 ROSPE

332 2968 455 3012 Steph.
483 2968 568 3012 Byz.
593 2966 846 3012 κατεζεβέκην
870 2965 909 3000 Μ
933 2962 1031 3001 κατὰ
1058 2922 1214 3011 ἔεέἐκην
1237 2963 1268 2998 L
1293 2963 1329 2997 in
1355 2961 1522 2997 henchin
1546 2961 1618 2996 Lat
