2091 3418
21 923 57 957 10

22 1263 58 1296 15

26 1942 63 1974 25

507 189 666 233 ANTIQ.
693 189 789 224 lUD.
818 188 849 222 11
875 191 1049 223 3:52—337
1076 190 1134 231 (xv
1149 195 1176 220 ⁵.
1203 191 1307 231 xv11)
1657 186 1734 224 153

82 308 182 361 ρίαν
227 303 337 355 ἕξειν
383 299 489 346 οὔθ’
517 303 558 345 οἱ
598 303 808 356 πολέμιοι
848 301 892 344 ἐκ
928 302 1094 345 τούτων
1135 301 1375 358 ῥυσάμενος
1414 300 1492 358 τήν
1531 317 1577 343 τε
1615 299 1736 354 ἰσχὺν

83 371 356 430 ἐπιδείξηται
386 370 464 427 την
495 369 650 412 ἑαυτοῦ
681 372 751 413 καὶ
784 370 861 427 την
893 372 993 426 περὶ
1030 367 1140 425 ὑμᾶς
1172 370 1400 422 πρόνοιαν.
1461 364 1510 411 οὐ
1541 367 1623 424 γὰρ
1661 367 1736 411 ἐπὶ

81 448 252 495 μικροῖς
280 437 329 480 τὸ
362 443 489 482 θεῖον
518 438 596 494 τὴν
628 438 781 481 ἑαυτοῦ
820 443 1067 493 συμμαχίαν
1106 438 1172 488 οἷς
1212 433 1263 481 ἂν
1303 434 1450 480 εὔνουν
1482 428 1506 493 ἦ
1540 437 1735 488 δίδωσιν,

83 502 181 549 ἀλλ’
208 502 280 563 ἐφ’
307 505 373 558 οἷς
404 502 694 563 ἀνθρωπίνην
725 506 884 549 ἐλπίδα
915 506 972 562 μὴ
1002 508 1163 561 βλέποι
1195 506 1307 562 πρὸς
1327 505 1376 547 τὸ
1409 514 1602 560 κρεῖττον
1625 521 1735 560 παρ·

84 576 230 617 οὖσαν.
290 569 398 616 ὅθεν
438 573 625 630 τοιούτῳ
663 577 821 632 βοηθῷ
863 574 1223 625 πεπιστευκότες,
1266 569 1301 628 ’ᾗ
1343 573 1524 626 δύναμις
1564 575 1636 615 καὶ
1681 571 1735 614 τὰ

83 641 213 699 μικρὰ
245 645 431 699 ποιῆσαι
470 642 637 697 μεγάλα
674 645 743 685 καὶ
785 645 871 684 των
910 642 1174 699 τηλικούτων
1210 638 1447 683 ἀσθένειαν
1479 644 1737 697 καταψηφί-

83 714 277 762 σασθαι,
318 709 375 766 μὴ
409 712 758 768 καταπέπληχθε
787 710 864 767 την
895 710 1162 765 Αἰγυπτίων
1193 708 1491 765 παρασκευήν,
1523 705 1626 765 μηδ’
1669 704 1739 751 ὅτι

83 777 294 821 θάλασσα
338 779 408 821 καὶ
450 778 638 822 κατόπιν
684 776 784 833 ὑμῖν
829 775 907 835 ὄρη
946 780 1084 835 φυγῆς
1124 775 1228 820 ὁδὸν
1270 773 1318 819 οὗ
1366 779 1613 832 παρέχοντα
1664 775 1738 818 διὰ

83 841 204 889 τοῦτ’
232 841 557 902 ἀπογινώσκετε
587 847 665 903 την
697 850 938 904 σωτηρίαν·
988 848 1156 900 γένοιτο
1177 845 1259 901 γὰρ
1300 839 1351 888 ἂν
1380 847 1450 888 καὶ
1482 840 1616 886 ταῦθ’
1641 840 1739 898 ὑμῖν

84 914 219 957 πεδία
250 916 326 956 τοῦ
359 917 468 957 θεοῦ
502 915 776 971 θελήσαντος
806 916 877 957 καὶ
909 916 961 970 γῆ
992 912 1041 956 τὸ
1074 914 1308 969 πέλαγος.“

196 983 310 1026 XVI.
359 987 393 1025 1.
446 985 650 1025 Τοσαῦτα
681 981 819 1025 εἰπων
851 973 948 1038 ἦγεν
980 976 1137 1031 αὐτοὺς
1169 981 1245 1025 ἐπὶ
1275 980 1354 1037 την
1384 979 1621 1022 θάλασσαν
1650 980 1738 1021 τῶν

85 1049 350 1106 Αἰγυπτίων
381 1047 603 1105 ὁρώντων·
647 1050 691 1093 ἐν
722 1047 829 1106 ὄψει
858 1049 940 1106 γὰρ
970 1040 1080 1105 ἦσαν
1110 1051 1180 1092 καὶ
1211 1051 1274 1104 τῷ
1305 1047 1430 1104 πόνῳ
1460 1048 1740 1089 τεταλαιπω-

87 1120 263 1175 ρημένοι
294 1119 371 1173 τῆς
411 1117 602 1168 διώξεως
643 1117 705 1168 εἷς
733 1117 811 1174 την
850 1116 1084 1172 ὑστεραίαν
1114 1116 1191 1171 τὴν
1230 1116 1370 1173 μάχην
1405 1113 1742 1171 ὑπερβαλέσθαι

86 1186 229 1234 καλῶς
259 1185 369 1239 ἔχειν
412 1183 734 1241 ὑπελάμβανον.
795 1183 947 1241 ἐπειδὴ
988 1184 1033 1227 δὲ·
1073 1184 1185 1241 πρὸς
1223 1186 1285 1240 τῷ
1325 1183 1511 1239 αἰγιαλῷ
1543 1185 1742 1239 ,Μωυσῆς

88 1253 288 1309 ἐγεγόνει,
321 1251 469 1307 λαβών
497 1252 576 1310 τὴν
605 1257 843 1309 βακτηρίαν
883 1251 959 1295 τὸν
998 1251 1108 1295 θεὸν
1140 1253 1300 1295 ἱκέτευε
1319 1253 1392 1294 καὶ
1415 1251 1638 1306 σύμμαχον
1668 1251 1741 1293 καὶ

87 1321 259 1379 βοηθὸν
291 1320 433 1364 ἐκάλει
464 1322 619 1376 λέγων·
651 1316 774 1373 ,,οέδ’
803 1316 933 1371 αὐτὸς
962 1320 1042 1374 μὲν
1073 1316 1256 1376 ἀγνοεῖς,
1288 1315 1358 1363 ὅτι
1389 1329 1540 1377 φυγεῖν
1573 1317 1674 1376 ἡμῖν
1697 1317 1741 1362 ἐκ

87 1392 176 1432 τιῦν
207 1389 439 1445 παρόντων
471 1385 569 1431 οἰῖτε
598 1388 708 1431 κατὰ
750 1388 897 1446 ῥώμην
929 1385 1028 1431 οὔτε
1057 1384 1152 1431 κατ)
1180 1387 1382 1431 ἐπίνοιάν
1413 1386 1530 1430 ἐστιν
1563 1382 1741 1443 ἀνθρω-

90 1460 236 1513 πίνην,
276 1452 372 1499 ἀλλ’
410 1456 447 1499 εἰ
476 1456 526 1512 δή
566 1474 610 1500 τι
640 1456 818 1506 πάντως
849 1456 1063 1512 σωτήριον
1094 1458 1267 1513 στρατῷ
1305 1458 1368 1511 τῷ
1407 1454 1516 1497 κατὰ
1555 1453 1633 1511 τὴν
1665 1453 1743 1510 σὴν

89 1524 298 1582 βούλησιν
340 1520 492 1582 ἀφέντι
530 1523 609 1581 τὴν
638 1524 895 1580 Αἴγυπτον,
938 1524 1014 1568 σόν
1057 1523 1174 1567 ἐστιν
1215 1523 1472 1580 ἐκπορίζειν.
1540 1520 1666 1580 ἡμεῖς
1695 1539 1742 1565 τε

91 1589 224 1650 ἀλλην
266 1588 566 1648 ἀπεγνωκότες
604 1593 764 1635 ἐλπίδα
799 1594 872 1635 καὶ
909 1591 1101 1650 μηχανὴν
1143 1592 1205 1642 εἷς
1243 1591 1321 1648 τὴν
1361 1587 1450 1634 ἀπὸ
1496 1593 1575 1634 σοῦ
1608 1590 1743 1645 μόνου

91 1660 430 1718 καταφεύγομεν,
462 1663 534 1703 καὶ
566 1660 609 1703 εἴ
635 1677 678 1702 τι
709 1658 832 1716 παρὰ
870 1662 946 1716 τῆς
977 1663 1055 1716 σῆς
1091 1660 1220 1703 ἔλθοι
1251 1663 1466 1715 προνοίας
1495 1658 1746 1715 ἐξαρπάσαι

91 1731 169 1785 τῆς
206 1728 472 1785 Αἰγυπτίων
512 1724 642 1784 ὀργῆς
680 1725 795 1783 ἡμᾶς
841 1727 1078 1782 δυνάμενον
1125 1723 1374 1785 ἀφορῶμεν.
1444 1721 1650 1784 ἀφίκοιτο
1698 1726 1745 1768 δὲ

92 1799 221 1840 τοῦτο
251 1799 415 1850 ταχέως
444 1795 522 1852 τὴν
557 1795 637 1852 σὴν
668 1795 912 1853 ἐμφανίσον
950 1793 1054 1852 ἡμῖν
1086 1795 1269 1850 δύναμιν
1307 1797 1380 1839 καὶ
1410 1793 1486 1838 τὸν
1518 1793 1624 1838 λαὸν
1654 1791 1742 1837 ὑπὸ

96 1862 380 1914 ἀνελπιστίας
408 1863 788 1907 καταπεπτωκότα
825 1863 938 1920 πρὸς
976 1863 1025 1907 τὸ
1055 1873 1200 1920 χεῖρον
1241 1859 1488 1919 ἀναστῆσον
1520 1863 1582 1914 εἰς
1613 1858 1747 1906 εὐθυ-

91 1937 197 1988 μίαν
241 1935 314 1976 καὶ
353 1931 402 1975 τὸ
448 1934 551 1989 περὶ
595 1935 672 1989 τῆς
718 1935 936 1989 σωτηρίας
974 1931 1160 1988 θάρσος.
1221 1930 1266 1974 ἐν
1306 1926 1382 1974 οὐκ
1419 1926 1668 1987 ἀλλοτρίοις
1699 1930 1743 1973 δ’

204 2035 225 2078 §
250 2011 315 2068 332
339 2011 555 2069 =mExodus
578 2032 663 2068 XIV
683 2011 742 2068 13.

204 2134 698 2171 ROMSPLAELatZonaras
721 2136 739 2170 I
761 2146 797 2180 p.
823 2138 865 2170 58
877 2146 928 2180 sq.

208 2195 221 2226 1
251 2187 354 2233 οὔθ’]
381 2185 475 2228 ὅθεν
499 2190 562 2226 Ro
665 2191 719 2234 ἐκ]
746 2188 766 2229 ὃ
792 2191 835 2228 ἐκ
858 2192 899 2226 Μ
1002 2195 1021 2226 2
1046 2188 1146 2238 ἧμᾱσ
1169 2191 1284 2227 ROA¹
1385 2194 1403 2225 3
1431 2187 1498 2234 οἷς]
1525 2185 1594 2227 0130-
1617 2202 1662 2226 ex
1688 2187 1749 2227 οἷσ

95 2259 186 2285 corr.
211 2249 251 2284 M
393 2242 427 2294 ᾖ]
451 2249 568 2294 suppl.
592 2261 638 2284 m.
665 2253 680 2284 1
708 2249 753 2293 R,
778 2261 845 2285 om.
861 2249 899 2284 M
1045 2252 1065 2283 4
1089 2244 1154 2295 ἐφ)
1180 2245 1246 2291 οἷς]
1271 2243 1338 2295 ἐφ’
1364 2244 1420 2290 οἷς
1445 2245 1491 2284 ἂν
1513 2248 1660 2283 Bekker

94 2305 213 2353 βλέπῃ
236 2304 394 2340 Dindorf
515 2308 534 2339 6
559 2301 739 2342 οἷσθένιαν
762 2306 796 2341 R
917 2309 935 2340 7
960 2309 1275 2352 καταπεπλῆχθαι
1299 2305 1462 2340 OMSLA
1583 2302 1651 2350 τὴν
1674 2307 1750 2340 τῶν

97 2363 303 2410 αἰγυπτίων
327 2361 357 2397 Ο
428 2364 446 2396 S
471 2364 535 2398 καὶ
559 2372 627 2397 om.
652 2362 754 2398 MPL
834 2359 931 2408 ὑμῖν]
956 2358 1042 2408 ἡμῖν
1065 2362 1146 2397 R¹L
1170 2359 1257 2408 ἡμῖν
1279 2364 1354 2404 καὶ,
1377 2364 1440 2398 καὶ
1465 2361 1580 2406 suppl.
1605 2372 1651 2396 m.
1678 2364 1697 2396 2
1719 2361 1749 2396 P

210 2450 293 2500 ὅρη]
316 2454 380 2488 καὶ
406 2450 475 2499 ὅρη
498 2452 530 2487 L
645 2450 714 2500 ὄρη
739 2456 866 2500 φυγῆς]
893 2451 964 2500 ὅρη
975 2429 1037 2499 Τᾷυ
1052 2472 1060 2480 ·
1080 2473 1087 2478 ·
1106 2473 1113 2479 -
1129 2455 1212 2499 γῆσ,
1236 2455 1358 2499 φυγῆσ
1381 2452 1490 2487 i.raS.
1505 2455 1590 2486 6—7'
1617 2451 1685 2486 litt.
1710 2451 1750 2486 M

209 2513 229 2544 9
254 2506 321 2555 τὴν
344 2510 532 2556 σωτηρίαν
554 2510 592 2544 in
616 2513 685 2555 τῆσ
708 2511 900 2557 σωτηρίασ
925 2520 1016 2545 corr.
1037 2509 1071 2544 R
1095 2512 1163 2554 τῆσ
1188 2509 1381 2555 σωτηρίασ
1405 2508 1599 2543 OMSPLA
1621 2507 1750 2543 salutis

97 2566 218 2611 spatia
242 2566 312 2600 Lat
401 2560 487 2611 ἡμῖν
510 2565 540 2600 L
633 2569 673 2601 10
698 2568 808 2603 πεδία
833 2577 901 2602 om.
927 2566 956 2602 Ο
1059 2568 1117 2612 γῆ]
1141 2565 1162 2612 ἡ
1187 2569 1233 2611 γῆ
1258 2565 1286 2600 Ο
1311 2568 1380 2612 γῆ·
1400 2565 1426 2607 -Ι
1452 2566 1486 2599 A
1589 2568 1627 2599 11
1656 2562 1750 2601 *θά-

98 2625 238 2658 λατταν
263 2622 360 2657 MSA
450 2624 489 2656 12
514 2618 598 2669 γὰρ]
623 2636 664 2659 τε
687 2620 761 2669 γὰρ
785 2622 874 2659 SPA
966 2621 1319 2667 *ταλαιπωρημένοι
1343 2621 1377 2656 R
1478 2624 1517 2655 13
1542 2617 1751 2667 *ὑστερέαν

97 2678 132 2714 R
221 2672 525 2725 ὓπερβοίλλεσθαι
550 2679 712 2714 MS¹P¹A
815 2683 856 2715 14
879 2675 1017 2725 ἐπειδὴ]
1042 2678 1123 2715 ἐπεὶ
1146 2678 1308 2713 MSPLA
1409 2680 1449 2712 16
1473 2677 1604 2724 λέγων]
1630 2677 1750 2725 λέγων

100 2728 225 2772 οὕτωσ
248 2734 301 2769 SP
326 2728 452 2771 οὕτωσ
475 2735 595 2782 λέγων
618 2736 650 2771 L
740 2731 902 2783 ἀγνοεῖς]
928 2731 1083 2782 ἀγνοεῖσ
1107 2728 1139 2770 ὦ
1161 2728 1221 2775 (αἶι
1245 2734 1302 2773 1³¹)
1327 2734 1493 2770 δέσποτα
1518 2734 1570 2770 SP
1595 2730 1752 2781 οἷγνοεῖσ

99 2791 264 2828 δέσποτα
289 2791 320 2826 L
420 2795 458 2826 17
483 2788 736 2839 ἀνθρωπίνην]
761 2790 946 2839 ἡμετέραν
971 2791 1000 2826 Ο
1113 2792 1154 2825 18
1179 2790 1214 2826 εἰ
1235 2787 1347 2836 δήιτι]
1371 2788 1437 2837 ἤδη
1461 2792 1498 2826 τί
1520 2791 1627 2826 ROM
1650 2794 1688 2827 et
1710 2794 1753 2827 ut

99 2848 172 2884 uid.
197 2848 269 2883 Lat
292 2847 326 2884 εἰ
348 2850 404 2884 δεῖ
424 2861 458 2884 τι
481 2848 567 2884 SPL
658 2843 812 2886 πάντων
828 2849 862 2884 R
884 2846 1015 2885 πάντω
1033 2846 1062 2882 Ο
1154 2848 1209 2895 τῷ
1233 2857 1300 2881 om.
1320 2846 1349 2881 Ο
1443 2851 1483 2882 19
1506 2844 1604 2894 ἡμῆσ
1628 2847 1662 2882 R

101 2906 143 2939 20
168 2900 447 2950 ἀπεγνωκότεσ,
471 2900 495 2941 οἷ
518 2905 542 2940 i.
565 2917 637 2941 ras.
662 2906 702 2940 M
794 2908 834 2941 21
861 2905 1050 2951 προνοίασ
1074 2899 1180 2938 ἔλθοι
1203 2905 1248 2937 tr.
1272 2903 1434 2939 MSPLA
1532 2906 1574 2938 22
1598 2901 1698 2950 ὺμᾶσ
1721 2904 1751 2941 Ο

215 2963 256 2996 23
281 2959 487 3008 ἐμφανίζον
511 2962 637 2997 MSPL
661 2961 878 3008 ἐμφανίζων
903 2963 936 2996 A
1028 2962 1070 2994 24
1095 2954 1309 3006 οἷνάστησον
1334 2960 1510 2997 MLALat

1769 575 1849 615 333

1771 982 1851 1022 334

1773 1321 1852 1362 335

1773 1526 1854 1566 336

1779 1933 1858 1974 337
