2091 3418
36 934 72 968 10

567 203 728 247 ANTIQ.
755 202 850 239 lUl).
875 203 926 238 111
957 207 1131 240 105—110
1155 207 1294 248 (v11.2)
1682 206 1759 244 179

105 318 151 361 δὲ
182 318 428 374 ῘΙΙαριάμης
457 319 534 373 τῆς
565 312 759 372 ἀδελφῆς
788 319 865 358 τοῖ-
900 320 1160 374 στρατηγοῦ,
1199 313 1418 373 Ἐλίβαζος
1457 320 1501 362 δὲ
1529 315 1759 374 Ἰσαμάχου

103 386 296 436 Δανίδος
318 386 470 442 φυλῆς.
521 383 568 425 τι)
604 384 649 426 δὲ·
681 385 858 440 πλῆθος
882 381 1018 434 οἷ’τως
1039 382 1125 426 ὗπι)
1150 389 1410 440 προθυμίας
1430 397 1522 439 τοῖς
1545 387 1759 444 ἐγχειρου-

103 457 252 508 μένοις
291 451 507 508 ἐπῆλθεν,
555 446 665 493 ὥστε
710 455 909 508 ,ἾΙωι-σῇς
948 449 1142 507 ἀνεῖρξεν
1181 449 1337 504 αὖτοὺς
1380 452 1760 512 ἱποκηρυξάμενος

105 516 250 576 ἇρκεῖν
279 518 380 569 τους
409 516 558 570 ὄντας·
590 521 719 561 τοῦτο
749 519 830 576 γὰρ
854 522 892 563 οἱ
918 521 1172 578 δημιουργοὶ
1202 522 1541 578 προειρήκεσαν·
1575 522 1761 578 ἐχώρουν

102 580 176 632 οὖν
207 587 282 631 ἐπὶ
322 586 400 643 την
439 589 516 643 τῆς
557 589 713 643 σκηνῆς
751 588 1036 644 κατασκευήν,
1069 590 1138 630 καὶ
1172 591 1372 646 ,Μωυσῆς
1405 585 1561 641 advoc-g
1602 590 1762 634 ἕκαστα

103 658 204 711 περὶ
237 657 324 697 τιῦν
355 658 526 711 μέτρων
556 653 664 696 κατὰ
695 654 773 711 τὴν
807 653 1035 713 ὑποθήκην
1064 658 1140 698 τοῦ
1172 659 1282 699 θεοῦ
1321 659 1390 700 καὶ
1432 660 1507 700 τοῦ
1547 662 1763 714 μεγέθους

103 718 187 767 ὅσα
218 739 265 766 τε
297 722 363 765 δεῖ
395 722 521 780 σκεύη
551 731 706 778 χωρεῖν
739 718 873 779 αὕτην
905 719 1159 766 ἀνεδίδασκε
1191 723 1305 780 πρὸς
1333 723 1412 775 τὰς
1452 728 1616 776 θυσίας
1648 723 1761 784 ὑπη-

103 790 354 847 ρετήσοντα.
405 788 742 847 ἐφιλοτιμοῦντο
766 790 809 833 δὲ
834 793 902 834 καὶ
934 800 1131 847 γυναῖκες
1151 795 1257 848 περί
1277 808 1321 834 τε
1346 791 1506 843 στολὰς
1542 793 1763 848 ἱερατικὰς

102 859 173 902 καὶ
206 859 308 912 περὶ
341 856 395 900 τὰ
429 854 539 900 ἄλλα
570 853 686 901 ὅσων
718 858 863 915 ἔχρῃζε
892 857 941 901 τὸ
975 859 1098 915 ἔργον
1128 859 1294 914 κόσμου
1325 876 1369 903 τε
1394 862 1465 903 καὶ
1490 861 1761 916 λειτουργίας

103 926 225 969 ἕνεκα
255 928 332 968 τοῦ
365 927 489 968 θεοῦ.

216 997 253 1037 2.
304 993 495 1036 Πάντων
528 992 570 1035 δ’
606 992 650 1035 ἐν
690 992 851 1050 ἑτοίμῳ
892 997 1184 1052 γεγενημένων
1211 998 1393 1051 χρυσίου
1423 1011 1471 1037 τε
1501 996 1572 1038 καὶ
1601 996 1761 1049 χαλκοῦ

101 1063 171 1104 καὶ
204 1063 292 1103 τιῦν
326 1058 542 1118 ἴσαντιῦν,
575 1060 808 1117 προειπών
841 1060 993 1118 ἑορτὴν
1015 1063 1215 1118 ΙΙΙωυσῆς
1245 1064 1317 1105 καὶ
1348 1066 1514 1112 θυσίας
1543 1062 1654 1105 κατὰ
1684 1062 1763 1120 τὴν

101 1128 285 1172 ἑκάστου
318 1129 501 1183 δύναμιν
531 1130 631 1186 ἵστη
662 1127 740 1186 τὴν
773 1129 942 1186 σκηνήν,
976 1131 1154 1183 πρῶτον
1184 1129 1263 1183 μὲν
1304 1130 1486 1185 αἴθριον
1525 1130 1762 1189 διαμετρη-

104 1196 292 1250 σάμενος
322 1195 370 1239 τὸ
404 1197 483 1251 μὲν
515 1188 638 1253 εὖρος
667 1196 936 1253 πεντήκοντα
966 1199 1117 1254 πηχῶν
1148 1196 1301 1240 ἑκατὸν
1333 1197 1377 1240 δὲ
1408 1197 1456 1240 τὸ
1489 1200 1636 1254 μῆκος.
1686 1198 1764 1241 κά-

101 1281 242 1319 μακας
275 1264 318 1306 δὲ
353 1263 505 1321 ἔστησε
534 1265 718 1318 χαλκέας
738 1263 1035 1320 πενταπήχεις
1055 1264 1104 1308 τὸ
1132 1259 1248 1320 ἵψος
1268 1260 1376 1307 καθ’
1404 1264 1609 1322 ἑκατέραν
1630 1268 1765 1309 πλευ-

102 1330 183 1388 ρὰν
218 1331 355 1374 εἴκοσι
388 1334 475 1374 τῶν
515 1331 888 1389 ἐπιμηκεστέρων,
931 1332 1034 1374 δέκα
1073 1332 1117 1374 δὲ
1149 1334 1236 1374 τιῦν
1275 1331 1320 1375 ἐν
1359 1333 1519 1376 πλάτει
1556 1330 1765 1388 κειμένων

101 1401 179 1455 τῆς
200 1398 402 1451 κατόπιν,
433 1403 571 1454 κρίκοι
597 1399 641 1442 δὲ
664 1401 751 1442 τιῦν
771 1399 976 1454 καμάκων
998 1399 1155 1456 ἑκάστῃ
1178 1402 1428 1456 προσῆσαν·
1462 1418 1483 1441 *-
1506 1401 1765 1457 κιονόκρανα

101 1467 180 1521 μὲν
213 1462 413 1522 ἀργύρεα,
444 1467 596 1522 βάσεις
639 1467 683 1510 δὲ
720 1476 880 1523 χρυσαῖ
919 1470 1221 1525 σαυρωτῆρσιν
1259 1466 1484 1525 ἐμφερεῖς,
1519 1470 1679 1522 χαλκαῖ
1717 1469 1763 1512 δὲ

100 1525 225 1591 ἦσαν,
259 1533 333 1577 ἐπὶ
366 1536 442 1590 τῆς
472 1537 548 1591 γῆς
580 1533 893 1591 ἐρηρεισμέναι.
945 1533 1156 1591 ἐξήπτετο
1187 1534 1233 1577 δὲ
1263 1537 1350 1578 τῶν
1380 1540 1537 1592 κρίκων
1567 1536 1763 1580 καλώδια

102 1601 180 1659 τὴν
213 1598 346 1658 ἀρχὴν
377 1597 494 1658 ἥλων
520 1603 714 1655 χαλκέων
744 1606 973 1660 πηχυαίων
1002 1601 1051 1645 τὸ
1075 1605 1266 1658 μέγεθος
1287 1601 1555 1658 ἐκδεδεμένα,
1589 1607 1631 1646 οἳ
1651 1601 1759 1647 καθ’

102 1669 287 1726 ἑκάστην
328 1669 501 1724 κάμακα
540 1672 752 1725 παρέντες
794 1668 904 1712 κατὰ
943 1671 1019 1712 τοῦ
1059 1668 1252 1727 ἐδάφους
1292 1666 1494 1728 ἀκίνητον
1536 1668 1622 1714 ὑπὸ
1661 1676 1764 1727 βίας

215 1815 234 1858 §
263 1816 324 1848 105
349 1831 393 1844 =
417 1813 566 1849 Exodus
589 1813 710 1848 XXXI
737 1817 766 1858 1,
790 1813 925 1849 XXXV
943 1815 1029 1859 30;§
1059 1817 1120 1851 105
1138 1833 1183 1844 =
1205 1814 1356 1850 Exodus
1373 1815 1545 1851 XXXVII
1565 1819 1593 1860 1,
1617 1816 1683 1851 XL
1710 1819 1762 1853 16.

213 1959 678 1996 ROMSPLELatZonaras
702 1960 720 1995 1
743 1972 778 2005 p.
805 1963 860 1995 64.

214 2032 228 2063 1
255 2026 477 2075 μαριάμμησ
501 2027 642 2063 RMLE
665 2025 883 2075 μαριάμνησ
907 2028 931 2063 S
956 2029 1095 2064 mariae
1117 2029 1190 2064 Lat
1289 2025 1497 2076 Ἐλίβαζος]
1522 2027 1708 2077 ἐλέβαζοσ
1732 2031 1761 2066 Ο

98 2082 260 2131 ἐλιάβοσ
276 2084 308 2118 L
323 2082 506 2131 ἐλίφαζον
523 2087 671 2127 (accus.)
688 2084 720 2119 E
745 2083 880 2129 helisas
896 2084 967 2120 Lat
1035 2081 1272 2131 *Ἰσαμάχου]
1297 2083 1485 2131 ἰσαχάμου
1501 2086 1554 2122 SP
1626 2089 1644 2121 2
1667 2084 1763 2123 δάνι-

100 2143 169 2177 ὁοσ
192 2140 354 2176 MSPLE
470 2143 488 2175 3
515 2138 681 2186 ὗπῆλθεν
704 2141 744 2175 Μ
767 2140 937 2186 ἐπῆλθον
960 2141 988 2176 Ρ
1110 2136 1269 2189 α’νῆρξεν
1292 2141 1362 2177 SP¹
1477 2145 1497 2176 4
1521 2136 1610 2184 τοὺς
1635 2139 1760 2185 ὄντας]

99 2209 142 2233 ea
166 2207 262 2242 quae
286 2197 372 2231 data
396 2196 555 2242 fuissent
578 2196 650 2231 Lat
743 2200 763 2231 4
788 2194 1059 2244 προειρήκασιν
1081 2197 1121 2232 Μ
1234 2195 1406 2245 ἐχώρουν
1432 2191 1509 2239 οὖν]
1534 2195 1705 2245 ἐχώρουν
1728 2199 1762 2235 R

101 2251 137 2290 οἳ
160 2250 331 2300 ἐχώρουν
356 2252 385 2287 O
490 2256 508 2286 ἰ’
535 2254 603 2289 *τε
628 2256 692 2294 δεῖ]
718 2249 757 2290 τ’
781 2250 850 2290 ἔδει
875 2253 938 2289 Ro
965 2266 1005 2290 τε
1030 2250 1070 2300 δὴ
1096 2253 1149 2289 SP
1250 2249 1521 2291 *α’νεδίδασκεν
1542 2254 1670 2290 MS¹P¹

100 2345 119 2378 8
144 2343 164 2364 *
173 2345 357 2390 γυναῖκες]
383 2341 421 2377 αὶ
445 2342 668 2388 γυναῖκεσΙι
738 2339 1044 2390 *ἔχρηζενΜΞῬ
1116 2347 1134 2379 9
1160 2345 1420 2391 λειτουργείασ
1436 2344 1475 2379 Μ
1553 2348 1590 2379 11
1619 2323 1761 2391 {volunt}

97 2399 138 2434 M
230 2397 446 2445 γενομένων
470 2398 522 2434 SP
612 2400 772 2445 χρυσίου
795 2403 849 2442 τε]
875 2411 967 2436 auro
992 2404 1027 2435 et
1051 2404 1204 2447 arqento
1228 2401 1311 2445 Lat,
1336 2402 1431 2436 unde
1451 2402 1609 2446 χρυσίου
1632 2415 1673 2438 τε
1697 2405 1759 2439 καὶ

99 2452 269 2503 α’ργύρου
293 2455 458 2490 Bernard
481 2457 580 2490 recte
605 2458 645 2490 ut
662 2455 735 2491 uid.
809 2459 849 2492 13
872 2454 956 2504 (ι’στη
980 2457 1004 2491 i.
1021 2467 1093 2492 ras.
1108 2460 1196 2491 4-5
1213 2457 1295 2500 litt„
1321 2468 1470 2502 quarum
1487 2457 1612 2493 ultima
1636 2458 1706 2494 fuit
1729 2472 1758 2501 ε,

99 2523 144 2547 m.
171 2514 190 2546 2
216 2511 248 2546 R
273 2508 372 2548 εἷ’στε
399 2510 427 2545 O
450 2508 538 2547 ‘lata
562 2511 689 2547 MSPE
717 2511 803 2549 ἱστᾶ
825 2513 856 2547 L
949 2512 1302 2561 διαμετρησάμενος]
1327 2511 1615 2560 μετρησάμενοσ
1640 2513 1668 2549 O

101 2570 142 2602 14
165 2567 190 2602 i.
208 2578 318 2612 marg.
341 2565 421 2602 VII
439 2566 511 2602 Lat
590 2567 770 2614 *πηχέων
792 2568 831 2603 Μ
855 2566 986 2616 πήχων
1001 2569 1032 2604 L
1120 2567 1306 2613 κάμακας]
1333 2569 1474 2604 tabulas
1496 2570 1567 2605 Lat
1654 2574 1694 2605 15
1720 2572 1758 2609 δὲ

100 2623 308 2660 om.MSPL
375 2624 559 2668 χαλκείασ
577 2623 629 2658 SP
700 2621 894 2670 ἑκατέραν]
920 2624 1054 2672 ἑτέραν
1069 2625 1229 2660 RMSPL
1250 2630 1404 2670 utroque
1420 2625 1492 2660 Lat
1562 2629 1602 2660 16
1627 2623 1758 2670 εἷ’κοσι]

100 2678 219 2717 εἴκοσι
244 2679 323 2723 μὲν,
347 2678 416 2722 μὲν
441 2690 468 2713 s.
488 2679 519 2714 L
614 2683 653 2714 17
679 2683 742 2726 τῆς
765 2679 941 2723 κατόπιν]
963 2688 1048 2717 τοῖσ
1063 2679 1227 2717 κατόπιν
1240 2681 1280 2723 0,
1306 2692 1372 2716 om.
1386 2682 1457 2716 Lat
1548 2685 1757 2729 προσῆσαν]

103 2733 323 2784 προσῄεσαν
346 2734 411 2770 RO
554 2733 798 2782 κιονόκρανα]
823 2742 858 2772 et
881 2737 1003 2783 capita
1028 2737 1230 2772 tabularum
1253 2738 1325 2772 Lat
1448 2740 1488 2772 18
1509 2745 1703 2784 χρυσαῖ-
1718 2743 1757 2775 19

103 2791 377 2840 ἐρηρεισμέναι]
410 2789 606 2826 deauratae
637 2797 673 2827 et
703 2793 864 2828 caelatae
894 2805 962 2840 per
992 2794 1177 2828 circuitum
1211 2797 1244 2827 et
1274 2794 1311 2828 z'n
1342 2799 1474 2829 terram
1499 2794 1667 2839 confixae
1689 2795 1760 2831 Lat

220 2851 260 2883 19
285 2846 523 2894 ἐρηρισμέναι
547 2847 586 2882 Μ
676 2846 853 2891 καλώδια]
878 2847 982 2886 κάλω
1004 2849 1034 2883 L
1121 2851 1161 2883 20
1186 2845 1351 2895 τὴν-Ρ.
1371 2852 1444 2894 180,
1462 2852 1481 2884 2
1506 2849 1759 2899 ποικιλωτάτη

103 2915 170 2940 om.
195 2904 226 2939 L
280 2907 286 2915 ‘
335 2906 375 2938 20
401 2904 605 2949 πηχυαίων]
630 2906 829 2951 πηχίαίων,
856 2907 967 2941 ίιιίων
990 2906 1013 2940 i.
1033 2915 1105 2940 ras.
1128 2907 1215 2939 2-3
1239 2905 1308 2940 litt.
1321 2916 1366 2940 m.
1383 2905 1448 2941 2R
1471 2906 1621 2953 πηχέων
1638 2907 1666 2942 Ο
1691 2922 1757 2955 πη·

99 2959 236 3006 χυϊὲων
259 2959 297 2995 Μ
323 2957 485 3005 πήχεων,
512 2972 528 2996 ε
551 2960 575 2994 i.
593 2970 664 2995 ras.
692 2963 710 2994 2
734 2961 803 2996 litt.
830 2962 853 2997 S
877 2961 1080 3008 πηχυαίων,
1106 2962 1170 2996 υαί
1192 2961 1216 2995 i.
1241 2971 1312 2997 ras.
1339 2964 1357 2995 2
1382 2961 1450 2997 litt.
1477 2966 1541 3006 (ε-)
1565 2963 1593 2997 Ρ

1417 3018 1484 3053 12*

1794 392 1872 432 106

1795 597 1871 636 107

1795 998 1874 1040 108

1797 1201 1876 1243 109

1797 1541 1872 1581 110
