2091 3418
559 200 720 245 ANTIQ.
746 201 842 238 IUD.
868 201 919 237 lv
947 203 1121 236 170—173
1145 203 1204 243 (vu
1222 208 1250 234 a.
1268 205 1298 242 ι)
1675 198 1756 236 259

102 315 293 372 κτήσεως
325 310 457 358 αὐτοῦ
480 314 679 365 διδόντος
709 318 973 358 συναπιέναι
1004 317 1066 371 τῷ
1097 316 1282 370 στρατῷ.
1332 315 1403 357 καὶ
1428 315 1626 370 ,Ἠιυυσῆς
1656 308 1756 370 ἆρε-

103 385 232 434 σθεὶς
262 385 325 440 τῷ
347 383 460 439 λόγῳ
481 383 668 433 καλέσας
684 378 935 437 Ἐλεάζαρον
956 381 1032 425 τὸν
1055 379 1257 439 άρχιερεά
1288 384 1359 425 καὶ
1378 378 1541 438 Ἰησοῦν
1563 384 1634 425 καὶ
1655 380 1758 431 τοὺς

103 451 146 495 ἐν
166 452 282 495 τέλει
314 451 484 500 πάντας
516 449 747 506 συνεχώρει
770 449 846 506 τῂν
878 447 1128 507 Ἀμορρῖτιν
1162 446 1310 500 αὐτοῖς
1341 449 1414 492 ἐπὶ
1437 452 1501 505 τῷ
1533 451 1759 504 συμμαχῆ-

103 535 179 563 σαι
209 528 302 570 τοῖς
332 521 600 574 συγγενέσιν,
642 518 722 568 ἕως
754 511 805 561 ἂν
836 517 1197 574 καταστήσωνται
1235 516 1288 560 τὰ
1328 517 1488 560 πάντα.
1550 513 1758 571 λαβόντες

52 596 71 628 5
102 579 178 630 οὖν
209 586 283 630 ἐπὶ
322 585 496 636 τούτοις
534 584 612 642 τῆν
647 585 794 642 χώραν
831 587 903 629 καὶ
941 589 1167 636 κτίσαντες
1206 585 1361 635 πόλεις
1391 583 1602 641 καρτερὰς
1631 587 1759 626 τέκνα

100 671 147 698 τε
177 655 248 698 καὶ
279 662 485 710 γυναῖκας
515 655 587 696 καὶ
624 646 763 697 τᾶλλα
802 650 885 697 ὅσα
917 653 1232 710 συμπεριάγειν
1262 653 1495 707 μέλλουσιν
1526 648 1675 703 αὗτοῖς
1706 645 1759 694 ἂν

100 713 151 779 ἦν
183 717 378 776 ἐμπόδια
408 724 486 764 τοῦ
518 731 671 765 πονεῖν
704 718 927 765 ἀπέθεντο
961 721 1023 772 εἷς
1055 717 1202 771 αὐτάς.

214 794 252 833 4.
319 789 555 844 Οἰκοδομεῖ
597 790 643 832 δὲ
675 792 745 833 καὶ
783 792 978 846 Μωυσῆς
1017 788 1096 838 τὰς
1136 789 1238 831 δέκα
1277 788 1432 839 πόλεις
1469 786 1548 838 τὰς
1588 787 1650 838 εἰς
1681 786 1757 830 τὸν

102 853 299 914 ἀριθμὸν
329 859 416 899 τῶν
454 853 565 900 ὀκτιι)
597 860 667 900 καὶ
700 857 1026 913 τεσσαράκοντα
1055 859 1367 913 γενησομένας,
1408 851 1468 898 ὦν
1499 864 1616 910 τρεῖς
1648 850 1759 897 ἇπέ-

33 933 72 966 10
100 924 215 976 δειξε
245 933 339 975 τοῖς
369 920 443 967 ἐπ’
480 921 671 982 ἆκουσίῳ
704 925 827 983 φόνῳ
858 925 1155 982 φευξομένοις,
1187 926 1260 967 καὶ
1278 923 1433 980 χρόνον
1465 922 1613 974 ἔταξεν
1645 920 1758 966 εἶναι

33 1272 69 1304 15

31 1609 69 1643 20

98 995 177 1050 τῆς
208 994 348 1050 φυγῆς
379 991 455 1036 τὸν
487 988 618 1036 αὐτὸν
657 995 718 1049 τῷ
751 989 962 1050 ἀρχιερεῖ,
1005 988 1076 1050 ἐφ’
1121 988 1170 1035 οὗ
1203 992 1368 1048 δράσας
1407 1007 1474 1042 τις
1513 990 1590 1034 τὸν
1621 989 1758 1047 φόνον

101 1060 246 1118 ἔφυγε.
297 1056 405 1115 μεθ’
442 1060 491 1103 ὃν
514 1060 745 1117 συνεχώρει
767 1060 1085 1117 τελευτήσαντα
1106 1059 1314 1112 κάθοδον,
1347 1059 1531 1112 ἐχόντων
1557 1056 1758 1108 ἐξουσίαν

101 1131 188 1172 τιῦν
219 1130 297 1171 τοῦ
318 1132 647 1186 πεφονευμένου
671 1130 884 1184 συγγενῶν
905 1131 1100 1180 κτείνειν,
1134 1127 1172 1170 εἰ
1203 1128 1380 1182 λάβοιεν
1412 1126 1494 1177 ἔξω
1525 1128 1611 1169 τῶν
1643 1120 1758 1182 ὅρων

99 1199 177 1253 τῆς
207 1195 382 1246 πόλεως
413 1195 475 1246 εἷς
508 1195 557 1252 ἣν
590 1196 721 1254 ἔφυγε
755 1195 832 1239 τὸν
862 1195 1190 1253 πεφονευκότα·
1229 1194 1362 1251 ἑτέρῳ
1403 1195 1450 1237 δὲ
1491 1189 1566 1237 οὐκ
1606 1192 1758 1236 ἐπετέ-

99 1281 284 1320 τραπτο.
346 1264 391 1306 αἱ
424 1264 470 1306 δὲ
509 1263 663 1314 πόλεις
702 1264 746 1306 αἱ
786 1263 899 1319 πρὸς
936 1262 1015 1313 τὰς
1055 1262 1197 1320 φυγὰς
1237 1261 1603 1318 ἀποδεδειγμέναι
1648 1252 1758 1317 ἦσαν

101 1332 218 1375 αἵδε·
253 1330 435 1388 Βοσάρα
465 1331 544 1385 μὲν
576 1330 649 1374 ἐπὶ
682 1340 776 1381 τοῖς
807 1328 951 1388 ὁρίοις
981 1333 1058 1387 τῆς
1078 1326 1302 1386 Ἀραβίας,
1335 1326 1571 1386 Ἀρίμανον
1603 1329 1649 1372 δὲ
1679 1331 1757 1385 τῆς

101 1399 368 1456 Γαλαδηνῶν
397 1401 486 1454 γῆς,
519 1400 591 1441 καὶ
626 1398 852 1443 Γαυλανὰν
884 1394 924 1441 δ’
961 1397 1004 1441 ἓν
1033 1401 1087 1455 τῇ
1119 1398 1348 1441 Βατανίδι.
1397 1400 1678 1455 κτησαμένων
1710 1392 1753 1439 δ’

101 1462 245 1510 αὐτῶν
275 1468 346 1509 καὶ
379 1465 457 1523 τὴν
488 1470 758 1509 Χαναναίων
787 1469 865 1523 γῆν
895 1475 1012 1522 τρεῖς
1044 1465 1189 1522 ἕτεραι
1215 1466 1371 1515 πόλεις
1392 1465 1571 1520 ἔμελλον
1604 1460 1759 1507 ἆνατε-

99 1534 329 1592 θήσεσθαι
370 1536 458 1576 τιῦν
496 1535 751 1577 Λευίτιδων
799 1534 973 1577 πόλεων
1011 1543 1104 1584 τοῖς
1144 1529 1333 1591 φυγάσιν
1374 1532 1436 1583 εἷς
1473 1531 1759 1586 κατοικισμὸν

99 1605 320 1653 ΠΙωυσέος
351 1601 696 1652 ἐπιστείλαντος.

212 1738 231 1779 ξ
259 1739 318 1770 171
339 1752 382 1764 =
401 1735 507 1770 Num.
525 1735 663 1770 XXXII
690 1737 749 1777 ’Ζεύς
775 1735 796 1778 ξ
823 1737 885 1769 172
903 1752 947 1764 =
964 1734 1161 1769 Deuteron.
1186 1733 1237 1769 IV
1263 1737 1319 1778 41,
1342 1733 1448 1769 Num.
1473 1733 1610 1769 XXXV
1638 1736 1689 1768 11.

210 1847 671 1883 ROMSPLELatZonaras
695 1847 712 1881 Ι
735 1858 769 1892 p.
797 1850 849 1882 73.

215 1908 230 1940 1
258 1904 487 1945 συναπιέναι]
515 1904 659 1948 Cocceji
683 1909 902 1939 συναπεῖναι
928 1903 1030 1938 codd.
1050 1904 1353 1948 συναπαίροντεσ
1378 1902 1410 1937 Ε
1482 1904 1500 1936 2
1523 1897 1760 1948 Ἐλεάζαρον]

99 1959 168 1999 τὸν
191 1959 401 2007 έλεάζαρον
421 1960 449 1995 Ο
544 1961 563 1993 3
594 1955 813 2005 ΔἈμορρῖτιν]
839 1954 1014 2006 οἷμορῖτιν
1036 1959 1154 1994 MZon
1179 1955 1365 2006 α’μωρίτιν
1390 1958 1474 1994 OSP
1501 1954 1705 2005 ἄμμορίτιν
1728 1958 1761 1993 Ε

97 2028 300 2054 amorreum
325 2017 396 2052 Lat
487 2019 508 2051 4
532 2013 630 2058 *ἕως
655 2012 712 2057 ἂν]
739 2012 795 2051 ὥσ
818 2015 882 2050 RO
974 2014 1278 2061 καταστήσονται
1297 2015 1396 2050 ROE
1479 2018 1497 2049 5
1523 2012 1763 2060 *κτήσαντεσ

99 2075 168 2110 SP¹
191 2073 422 2121 possidentes
445 2072 516 2108 Lat
619 2075 638 2107 6
664 2085 705 2109 τε
731 2083 798 2108 om.
824 2071 985 2107 MSPLE
1095 2072 1169 2109 *τὰ
1194 2070 1289 2108 ἄλλα
1315 2071 1400 2107 SPL
1515 2068 1562 2107 ἄν
1586 2065 1642 2116 ἦν]
1669 2067 1692 2107 ἃ
1716 2065 1763 2116 ἦν

517 2148 521 2151 «
867 2142 939 2165 απε

97 2175 250 2212 ROSPL
274 2169 319 2220 ἦν
344 2171 392 2212 ἂν
415 2173 454 2208 Μ
559 2177 576 2207 7
603 2169 833 2216 *α’πὲθεντο]
927 2171 1060 2210 ἔθεντο
1086 2174 1126 2208 Μ
1226 2175 1244 2208 8
1270 2174 1360 2209 *καὶ
1386 2183 1453 2208 om.
1478 2171 1506 2206 P
1632 2171 1760 2213 *δέκα]

99 2229 241 2268 δώδεκα
265 2231 319 2267 SP
412 2226 508 2271 *τὰς
532 2240 599 2265 om.
627 2230 656 2264 Ο
757 2234 776 2265 9
802 2230 1094 2277 *γενησομένας]
1119 2229 1330 2276 γενομένασ
1353 2230 1377 2264 i.
1402 2239 1512 2273 marg.
1537 2241 1584 2274 γρ
1608 2240 1762 2273 γενησο-

97 2287 216 2333 μὲνασ
240 2287 280 2321 Μ
397 2288 435 2320 10
462 2289 553 2327 τοῖς]
580 2283 673 2321 τοὺσ
696 2287 720 2322 S
834 2287 1126 2333 *φευξομένουσ,
1153 2299 1198 2322 ου
1221 2297 1268 2321 ex
1294 2299 1329 2322 οι
1355 2296 1446 2321 corr.
1471 2285 1495 2320 S
1598 2288 1635 2319 11
1664 2281 1762 2319 *τὸν

99 2340 273 2381 αι’·τὸν-
292 2345 329 2376 12
353 2339 524 2378 κάθοδον
549 2352 614 2376 om.
634 2341 706 2376 Lat
797 2338 976 2390 α’ρχιερεῖ]
1001 2338 1169 2390 ἀρχιερεῖ
1192 2345 1260 2388 τῆσ
1285 2345 1386 2388 ζωῆσ
1409 2342 1442 2376 Ε
1536 2333 1591 2381 οὗ]
1617 2339 1763 2375 Bekker

99 2394 128 2436 ὦ
155 2400 258 2435 codd.
285 2392 329 2435 οὗ
354 2394 394 2443 δὴ
421 2398 453 2432 Ε
550 2400 588 2431 12
613 2393 698 2439 *324
725 2391 779 2434 ὦν
802 2399 833 2433 L
927 2396 1170 2445 *σι’νεχώρει]
1197 2403 1383 2445 συγχωρεῖ
1402 2397 1441 2432 Μ
1532 2392 1656 2432 *καθ’
1672 2393 1763 2432 ὁδὸν

97 2456 205 2492 ROM
227 2451 400 2491 καθοόὸν
422 2454 453 2488 L
526 2457 565 2487 14
590 2448 625 2489 δ’
651 2454 683 2488 Ε
764 2453 1044 2503 *ἐπιτέτραπτο
1072 2455 1127 2491 OS
1210 2458 1250 2490 16
1276 2451 1444 2498 Βοσάρα]
1469 2451 1630 2500 βωσάρα
1655 2450 1692 2493 (ά
1718 2464 1762 2488 ex

100 2525 120 2549 ο
147 2523 240 2548 corr.
266 2511 308 2553 Ο)
333 2509 397 2544 Ro
422 2507 575 2557 βοσόρα
591 2510 631 2544 Μ
654 2507 806 2561 βόσορα
832 2511 918 2547 SPL
943 2512 1048 2547 bosor
1064 2512 1136 2547 Lat
1207 2507 1340 2556 ὁρίοις]
1368 2504 1480 2556 ὅροισ
1504 2509 1575 2543 ML
1646 2505 1763 2556 οἷρρα·

97 2580 189 2626 βίασ
213 2578 253 2613 Μ
353 2573 559 2624 Ἀριμανὸν]
585 2567 852 2623 α’ριμαδὺεὲνον,
877 2582 944 2615 δνα
970 2579 1146 2625 expunxit
1169 2589 1213 2612 m.
1242 2581 1261 2612 2
1285 2578 1309 2613 S
1334 2573 1475 2625 α’ριμὰν
1499 2575 1528 2610 O
1554 2571 1763 2622 εἷρειμανὸν

99 2636 130 2671 L
159 2635 301 2670 ariman
325 2633 395 2668 Lat
495 2635 534 2667 17
560 2635 779 2678 γαλαδινιῦν,
804 2638 858 2670 ῶν
880 2636 904 2670 i.
929 2645 1000 2671 ras.
1026 2635 1060 2670 R
1083 2634 1373 2680 qaladz'tenorum
1399 2633 1469 2668 Lat
1559 2629 1763 2669 Γαυλανὰν

100 2687 149 2734 δ’]
174 2686 407 2738 γαυλάλιμάν
431 2683 468 2724 δ’
485 2688 549 2723 RO
574 2692 813 2737 γαυλαδημᾶν
837 2686 874 2727 ‹5'
891 2691 930 2725 Μ
955 2687 1145 2737 γαυλανὰν
1170 2690 1208 2726 δὲ
1232 2689 1286 2725 SP
1311 2685 1540 2736 γαυλαδιμοῖν
1564 2684 1600 2725 δ’
1619 2689 1649 2724 L
1672 2701 1762 2735 qau-

99 2791 198 2827 lalim
215 2801 302 2826 uero
319 2790 392 2825 Lat
452 2791 641 2832 Βατανίδι]
657 2761 828 2838 βατναειδ
851 2791 891 2826 Μ
914 2791 1099 2838 βαλαίτιδι
1125 2791 1178 2826 SP
1202 2748 1346 2838 ssaw‘gg„
1363 2791 1393 2825 L
1420 2789 1592 2826 bataldz'te
1614 2790 1762 2836 reqione

98 2847 171 2883 Lat
265 2848 304 2882 18
330 2842 503 2890 ὲζαελλον,
529 2860 550 2883 o
575 2857 619 2881 ex
645 2860 662 2884 ε
688 2857 780 2883 corr.
806 2859 851 2882 m.
880 2850 898 2881 2
924 2848 947 2883 S
1042 2850 1081 2882 19
1107 2848 1298 2884 λευϊτίδων
1322 2847 1408 2882 SPL
1499 2843 1760 2891 κατοικισμὸν]

97 2898 334 2946 κατοκισμὸν
357 2901 391 2936 R
414 2899 658 2948 κατωκισμὸν
682 2903 753 2938 ΟΜ
784 2900 1042 2948 κατωικισμὸν
1066 2903 1151 2940 S¹P¹
1290 2906 1332 2938 '20
1356 2904 1541 2948 μωῦσέωσ
1563 2904 1632 2940 ΜΡ
1657 2915 1701 2941 ex
1725 2907 1762 2941 et

100 2968 192 2994 corr.
219 2957 242 2993 S

1412 3017 1479 3052 17*

1792 317 1864 356 171

1792 790 1869 830 172

1792 1264 1870 1304 173
