2160 3439
264 206 341 244 172
747 199 908 243 ANTIQ.
934 198 1031 234 ΠΗ).
1056 198 1110 233 ΙΠ
1134 199 1267 232 69-74
1290 197 1340 240 (w
1355 202 1383 229 1.
1400 198 1431 239 2)

262 318 313 362 σὺ
346 318 392 360 δὲ
423 315 547 391 πρὸς
566 313 677 371 μόνῃ
707 315 762 370 τῇ
786 314 865 356 τοῦ
893 314 1006 355 θεοῦ
1036 314 1264 368 θεραπείᾳ
1292 313 1483 364 κατέχων
1514 307 1698 352 σεαυτὸν
1728 307 1920 351 διατέλει

195 393 246 431 70
265 387 401 444 ζητιῦν
431 383 495 434 οἷς
529 400 581 425 αν
602 380 651 424 τὸ
674 382 855 437 πλῆθος
876 375 1178 429 ἀπαλλάξειας
1198 380 1275 435 τῆς
1305 380 1379 421 νῦν
1409 374 1616 434 ἀπορίας.
1666 373 1922 431 ὑποθήκαις

261 454 308 496 δὲ
337 461 435 502 ταῖς
465 450 592 505 ἐμαῖς
620 451 725 505 περὶ
753 451 842 491 τιῦν
873 444 1172 504 ἀνθρωπίνων
1207 445 1481 525 χρησάμενος
1510 444 1586 488 τὸν
1625 441 1812 499 στρατὸν
1853 440 1922 493 ἐξ·

262 520 433 570 ετάσεις
474 514 664 573 ἆκριβιῦς
700 519 774 561 καὶ
811 515 922 559 κατὰ
959 519 1141 573 μυρίους
1178 513 1344 557 τούτων
1388 516 1664 569 κεκριμένους
1709 507 1923 593 άρχοντας

263 585 536 639 ἀποδείξεις,
570 583 666 629 εἶτα
694 584 805 628 κατὰ
831 585 1023 639 χιλίους,
1057 582 1304 664 διαιρήσεις
1335 582 1382 624 δὲ
1411 577 1508 636 μετ’
1536 595 1693 630 αυτοις
1724 578 1788 628 εἷς
1817 593 1924 621 πεν-

196 666 243 704 71
263 659 507 707 τακοσίους,
538 655 612 696 καὶ
643 652 781 696 πάλιν
812 652 876 703 εἰς
906 650 1071 703 ἑκατόν,
1104 646 1184 694 εἶτ
1212 649 1275 700 εἰς
1306 648 1589 705 πεντήκοντα.
1640 644 1853 702 ἄρχοντάς
1876 661 1925 688 τε

264 723 340 768 ἐπὶ
369 718 543 773 τούτοις
571 721 741 774 τάξεις,
774 723 817 763 οἳ
847 717 958 762 κατὰ
987 717 1223 774 τριάκοντα
1253 719 1546 773 μερισθέντας
1577 714 1925 771 διακοσμήσουσι

262 793 334 835 καὶ
365 789 476 834 κατὰ
509 789 648 833 εἴκοσι
678 790 751 832 καὶ
781 787 893 831 κατὰ
925 787 1028 830 δέκα
1059 788 1508 842 συναριθμουμένους,
1540 783 1652 826 ἔστω
1683 783 1731 825 δέ
1751 798 1818 832 τις
1849 780 1925 825 ἐπὶ

263 859 438 909 τούτοις
469 857 531 908 εἷς
550 855 630 914 τὴν
651 860 954 937 προσηγορίαν
977 850 1066 898 ἀπὸ
1088 856 1167 897 τοῦ
1187 855 1274 896 τῶν
1305 849 1554 909 ἀρχομένων
1586 847 1783 907 ἀριθμοῦ
1815 851 1926 904 λαμ-

263 928 431 984 βάνων,
471 926 819 980 δοκιμασθέντες
848 922 936 967 υπὸ
968 926 1046 967 τοῦ
1076 921 1282 978 πίήθους
1312 919 1482 970 παντὸς
1512 917 1627 962 εἶναι
1657 914 1823 975 ἆγαθοὶ
1853 918 1927 960 καὶ

198 1004 250 1043 72
269 998 446 1048 δίκαιοι,
479 997 522 1038 οἱ
551 997 656 1048 περί
684 1010 732 1036 τε
761 995 850 1036 τιῦν
881 991 1111 1050 διαφόρων
1143 986 1293 1040 αυτοῖς
1321 991 1517 1045 κρινοῦσι
1544 1004 1623 1030 καν
1653 985 1679 1044 ᾖ
1708 1003 1752 1030 τι
1779 985 1926 1041 μεῖζον

266 1065 342 1109 ἐπὶ
371 1079 475 1114 τους
506 1061 550 1105 ἐν
583 1057 802 1116 ἀξιώματι
820 1059 899 1118 τὴν
928 1061 1033 1117 περὶ
1058 1058 1215 1102 τούτου
1248 1057 1484 1113 διάγνωσιν
1515 1054 1842 1107 ἐπανοίσουσιν,
1874 1071 1927 1097 αν

267 1134 314 1177 δὲ
352 1127 578 1180 κάκείνους
615 1128 805 1186 διαφύγῃ
843 1128 894 1172 τὸ
935 1129 1041 1183 περὶ
1078 1129 1156 1170 τοῦ
1196 1125 1456 1182 πράγματος
1495 1122 1726 1175 δύσκολον,
1763 1121 1839 1166 ἐπὶ
1880 1122 1929 1166 σὲ

265 1203 394 1245 τοῦτο
427 1195 790 1253 ἀναπέμψουσιν·
823 1196 948 1240 ε’σται
977 1194 1059 1252 γὰρ
1082 1191 1220 1246 οἵτως
1252 1189 1504 1251 άιιφότερα·
1535 1192 1608 1234 καὶ
1629 1192 1716 1233 τῶν
1746 1189 1929 1234 δικαίων

262 1269 456 1327 Ἑβραῖοι
485 1266 714 1318 τεύξονται
751 1267 824 1308 καὶ
866 1263 918 1308 σὺ
948 1266 1012 1321 τῶ
1050 1266 1148 1320 θεῶ
1187 1261 1496 1320 προσεδρευων
1540 1255 1847 1315 ευμενέστερον
1877 1275 1931 1301 αν

267 1338 505 1396 ποιήσειας
535 1331 669 1378 αὐτὸν
699 1336 762 1390 τιῦ
793 1335 981 1389 στρατῶ.

201 1412 255 1453 73
384 1409 423 1449 2.
468 1407 617 1448 Ταῦτα
643 1400 900 1459 Ῥαγοιήλου
930 1402 1284 1457 παραινέσαντος
1314 1398 1514 1454 ,Μωυσῆς
1553 1391 1752 1449 ἀσμένως
1789 1408 1932 1450 προσ-

268 1476 403 1533 ήκατο
433 1472 512 1530 τὴν
549 1471 820 1527 συμβουλίαν
859 1471 932 1513 καὶ
972 1478 1097 1512 ποιεῖ
1132 1467 1243 1510 κατὰ
1273 1465 1351 1522 τὴν
1389 1463 1623 1522 ὑποθήκην
1653 1462 1731 1520 τὴν
1767 1462 1932 1506 εκείνου

270 1546 348 1587 τοῦ
377 1541 547 1600 τρόπου
572 1539 651 1596 τὴν
683 1538 886 1582 επίνοιαν
918 1533 994 1581 οὒκ
1024 1533 1397 1593 ἀποκρυψάμενος
1429 1529 1528 1577 οὐδὲ
1561 1530 1934 1590 σφετερισάμενος

205 1617 257 1656 74
277 1608 422 1668 αυτήν,
455 1605 566 1653 ἀλλὰ
588 1608 783 1665 ποιήσας
814 1604 1007 1665 φανερὸν
1027 1604 1104 1648 τὸν
1136 1603 1394 1662 εξευρηκότα
1415 1604 1478 1658 τῷ
1499 1600 1682 1658 πλήθει.
1732 1595 1811 1643 κᾶν
1841 1607 1935 1650 τοῖς

385 1735 405 1778 ξ
432 1738 472 1769 70
499 1752 540 1764 =
566 1733 715 1767 Exodus
739 1731 860 1766 XVIII
888 1733 939 1765 19.

386 1856 851 1895 ROMSPLELatZonaras
875 1855 893 1890 I
917 1866 951 1900 p.
979 1857 1082 1898 Glsq.
1132 1852 1262 1888 Suidas
1287 1862 1315 1886 s.
1341 1847 1576 1897 προσήκατο.

390 1931 404 1962 1
434 1928 530 1963 *τοῦ
556 1936 648 1960 corr.
675 1935 718 1959 ex
743 1927 814 1970 θερ
838 1922 877 1956 M
981 1921 1160 1957 *διετέλει
1185 1920 1215 1955 L
1321 1922 1340 1953 2
1365 1919 1387 1953 i.
1413 1929 1524 1962 marg.
1551 1915 1580 1952 δ’
1605 1917 1639 1952 R
1741 1919 1760 1951 3
1785 1913 1937 1963 ἅνθρω-

274 1987 406 2027 πείων,
431 1985 466 2020 εἰ
490 1994 534 2018 ex
560 1984 573 2017 ι’
598 1993 688 2017 corr.
715 1981 754 2015 M
846 1982 914 2016 τοῦ
939 1981 1105 2026 στρατοῦ
1130 1988 1175 2012 ex
1199 1974 1268 2013 τὸν
1293 1971 1461 2023 στρατὸν
1486 1985 1577 2010 corr.
1604 1973 1643 2008 M
1734 1969 1937 2016 ἐξετάσεισ,

275 2057 305 2080 ει
330 2043 354 2077 i.
379 2052 450 2077 ηε.
476 2052 521 2075 ιιι.
549 2043 568 2074 2
593 2040 629 2084 S,
655 2052 686 2075 ει
710 2049 755 2073 ex
780 2053 799 2084 η
825 2047 916 2072 corr.
943 2036 970 2070 P
1086 2038 1106 2069 4
1132 2033 1412 2081 *κεκρυμένουσ
1435 2032 1466 2067 L
1576 2035 1594 2066 5
1621 2029 1848 2075 *διαιρέσεισ
1872 2027 1937 2064 Ro

275 2131 491 2200 διαιρήσεισ,
516 2144 547 2167 ει
571 2141 616 2165 ex
640 2145 652 2166 ι
676 2140 768 2165 corr.
793 2139 839 2162 m.
866 2131 886 2162 2
911 2127 961 2170 Μ,
987 2140 1017 2163 ει
1042 2126 1066 2160 i.
1090 2136 1162 2161 ras.
1188 2136 1232 2159 m.
1252 2127 1271 2158 2
1297 2124 1321 2159 S
1411 2117 1500 2168 μετ’
1526 2118 1674 2165 αυτους]
1699 2099 1890 2167 μετιῑιτοὺσ
1914 2120 1938 2156 S

274 2188 368 2237 μετὰ
395 2186 558 2226 τούτουσ
582 2187 615 2222 Ε
730 2188 750 2219 6
776 2179 848 2221 εἶτ’
873 2184 946 2226 εἰσ,
971 2178 1007 2219 τ’
1033 2182 1067 2219 εἰ
1093 2182 1116 2217 i.
1142 2192 1212 2217 ras.
1239 2184 1296 2221 (ex
1322 2184 1370 2215 ‘b
1389 2199 1396 2206 ·
1425 2191 1516 2215 corr
1542 2179 1631 2219 uid.)
1656 2178 1695 2213 M
1720 2176 1801 2215 εἶτα
1827 2177 1883 2214 εἰσ
1908 2176 1939 2212 L

277 2246 357 2285 εἶτα
382 2247 414 2282 Ε
531 2248 548 2279 7
576 2241 730 2280 *ol—8
757 2239 1139 2287 σιναριθμοιμένοις]
1165 2238 1226 2283 qm·
1246 2248 1316 2284 per
1341 2236 1491 2282 triqinla
1515 2246 1659 2270 Jursum
1684 2235 1794 2270 dimse'
1815 2239 1849 2270 et
1870 2245 1939 2281 per

275 2307 422 2341 uicenos
452 2307 486 2338 et
510 2301 621 2337 denos
653 2298 830 2335 habebunt
850 2297 1026 2344 proprios
1056 2295 1191 2330 iudices
1215 2305 1336 2328 eorum
1362 2293 1507 2338 neqotm
1529 2292 1695 2336 finientes
1717 2291 1788 2326 Lat
1877 2304 1939 2336 με·

278 2362 476 2411 ρισθέντεσ
500 2359 606 2394 ELat
741 2351 1088 2399 *διακοσμησοι-σιν
1118 2350 1260 2387 M¹S¹P¹
1293 2347 1573 2395 διακοσμήσιυσι
1596 2349 1630 2384 R
1652 2342 1885 2395 κοσμήσουσι
1909 2347 1939 2384 Ο

391 2421 410 2453 8
434 2415 531 2454 κατὰ
559 2415 659 2456 δέκα]
684 2414 716 2448 Ε
742 2412 830 2449 δίκα
857 2411 961 2447 codd.
987 2410 1058 2445 Lat
1193 2410 1481 2451 *συναριθιιοιμ
1486 2406 1588 2442 έιοισ
1613 2405 1742 2441 MSPL
1766 2418 1811 2441 σι
1814 2408 1941 2450 vuol&-

277 2489 460 2523 μουμενοι
485 2473 578 2509 coni.
672 2475 692 2505 9
718 2466 783 2513 εἷς]
808 2470 864 2506 εἰσ
883 2467 988 2502 MLE
1080 2462 1185 2511 *τὴνΙ
1211 2467 1288 2500 τῶν
1313 2464 1355 2505 R,
1381 2474 1448 2498 om.
1464 2463 1493 2498 Ο
1587 2465 1655 2499 τοῦ
1680 2464 1767 2503 τῶν]
1795 2458 1942 2498 τούτων

279 2535 309 2569 L
334 2535 402 2569 τοῦ
427 2531 459 2566 Ε
484 2533 520 2566 et
544 2531 585 2564 ut
609 2528 682 2564 uid.
708 2528 779 2562 Lat
871 2520 1085 2571 α’ρχομίιου
1110 2521 1141 2556 Ε
1166 2524 1203 2556 et
1227 2524 1267 2555 ut
1293 2521 1364 2554 uid.
1392 2520 1463 2555 Lat
1569 2523 1608 2554 10
1634 2518 1940 2563 δοκιμασθέντες]

280 2590 314 2627 οὶ
340 2589 376 2625 δὲ
403 2585 701 2632 δοκιμασθέντεσ
717 2583 792 2619 ΜΕ
816 2587 849 2617 ιι
874 2581 912 2616 ln·
934 2579 1109 2625 siquidem
1133 2578 1204 2612 sint
1225 2577 1420 2622 approbati
1436 2577 1507 2612 Lat
1530 2575 1830 2620 δοκιμασθὲιτας
1846 2574 1940 2610 coni.

391 2646 548 2681 πάντωσ
565 2642 604 2676 Μ
700 2644 737 2676 11
765 2638 801 2676 οἱ
826 2650 892 2675 om
915 2638 988 2674 ME
1080 2637 1274 2682 διαφοραῖν
1298 2633 1451 2669 ROSPE
1555 2635 1774 2680 *κριιοῦσιν
1799 2630 1941 2666 M¹S¹P¹

395 2704 434 2736 12
459 2699 546 2737 *ἐπὶ
572 2711 660 2741 τους
684 2708 751 2732 om.
778 2695 842 2731 ΒΟ
958 2708 1024 2741 την
1050 2695 1133 2739 περὶ
1160 2688 1351 2728 τούτου*-
1370 2694 1407 2724 13
1434 2688 1591 2736 διαφύγῃ
1617 2701 1685 2724 om.
1712 2688 1851 2724 ROME

280 2758 546 2795 Encwofflovw
566 2757 594 2790 Ρ
669 2758 708 2789 13
732 2749 927 2790 κακεῖνοισ
945 2751 975 2787 L
1048 2754 1088 2785 1(·›
1113 2744 1230 2786 αὐτὸν
1255 2745 1452 2793 :mafanum
1470 2750 1514 2781 tr.
1529 2746 1655 2781 MSPL
1730 2749 1766 2779 17
1793 2745 1816 2780 i.
1831 2754 1940 2788 marg.

292 2815 322 2850 V
344 2814 415 2849 Lat
508 2815 727 2858 Munmjg—
743 2814 782 2845 1⁵³
809 2808 1040 2856 σι”μβουλιαν
1064 2806 1173 2841 habet
1198 2805 1326 2840 Suidas
1428 2805 1588 2866 ,ἱςΊΙυι-σῆ
1582 2807 1601 2844 1
1629 2800 1649 2839 ὁ
1674 2804 1829 2848 μωῦσῆσ
1852 2800 1942 2837 SPE

397 2882 631 2915 προσηκατο,
657 2882 677 2903 o
703 2867 810 2902 finale
835 2867 858 2901 i.
885 2876 954 2900 ras.
981 2876 1026 2899 m
1043 2867 1062 2898 2
1088 2863 1126 2898 Μ
1224 2866 1260 2897 1⁸3
1287 2861 1308 2895 i.
1330 2871 1439 2904 marg.
1459 2874 1480 2905 >
1518 2862 1547 2892 ()
1656 2862 1694 2894 19
1720 2853 1943 2904 α’ποκρνψό-

282 2939 401 2973 μειόσ
424 2926 463 2960 Μ
578 2928 620 2960 20
645 2920 816 2971 φανερὰν
841 2923 869 2958 O
979 2916 1196 2966 ἐξενρικότα
1222 2918 1255 2953 R
1369 2920 1420 2952 τιῦ
1447 2914 1578 2962 712-05211
1596 2927 1686 2960 -p.
1707 2918 1809 2959 17:3,1
1839 2911 1940 2961 εὑρη-

283 2984 380 3025 κότα
406 2993 472 3018 om.
487 2982 516 3018 Ο
607 2978 692 3023 κάν]
716 2983 778 3017 καὶ
802 2978 843 3016 ἐν
868 2979 900 3014 R.
923 2981 985 3015 καὶ
1010 2977 1136 3014 MSPL

1959 925 1995 958 10

1960 1264 1998 1298 15
