2091 3418
607 200 768 244 AN‘HQ.
796 200 891 236 IUD.
918 200 947 235 v
975 203 1106 234 52-57
1133 204 1155 242 (ι
1176 206 1225 240 ιο)
1665 198 1746 236 303

83 318 210 360 τοῦτο
249 314 447 358 κίνδυνον
488 310 897 367 ὑπολαμβάνοντες,
940 313 979 355 εἰ
1020 315 1185 369 λέγοιεν
1226 309 1382 363 αὖτοὺς
1417 311 1473 368 μι)
1509 312 1747 368 προσήκειν

83 382 192 427 κατὰ
222 382 357 440 μηδὲν
388 384 664 430 Χαναναίοις
696 376 807 422 ἀλλὰ
840 380 1114 436 πορρωτάτω
1146 380 1312 422 τούτων
1352 389 1588 432 κατοικεῖν,
1629 375 1747 437 ἥκειν

83 468 131 495 τε
160 449 269 493 κατὰ
300 448 461 492 πύστιν
491 450 568 504 τῆς
600 443 756 504 ἀρετῆς
788 444 919 490 αι’-τοῦ
953 447 1122 504 πολλην
1154 444 1390 498 ἀνύσαντες
1420 444 1525 490 ὁδὸν
1554 447 1748 504 ἔφασκον

83 520 154 562 καὶ
185 516 417 574 τεκμήριον
451 517 529 558 τοῦ
570 514 699 570 λόγου
737 515 894 557 τούτου
929 515 978 557 τὸ
1021 518 1163 570 σχῆμα
1205 512 1506 557 ὑπεδείκνυον·
1545 513 1625 564 τὰς
1661 514 1744 570 γὰρ
1762 519 1814 559 53

84 585 278 643 ἐσθῆτας
307 582 461 633 καινὰς
491 578 564 625 ὅτε
596 582 776 639 εξιεσαν
809 580 942 633 οὶσας
975 579 1059 625 ὑπὸ
1084 585 1160 624 τοῦ
1189 582 1346 636 χρόνοι
1375 585 1452 638 ιῆς
1483 580 1599 625 ὁδοι
1594 588 1748 639 τοριάς

85 649 232 704 αὐτοῖς
268 654 537 708 τετρῖφθαι·
577 654 780 704 τριχίιες
817 668 899 706 γαρ
939 651 1002 715 εἰς
1039 649 1088 693 τὸ
1131 652 1269 692 ταῦτα
1311 652 1590 693 πιστοισθαι
1635 649 1748 705 πρὸς

84 716 226 764 αὐτῶν
266 719 470 776 ἐπίτηδες
510 717 681 772 ε’.λαβον
743 718 923 767 στάιτες
955 716 1030 761 ούν
1062 718 1125 768 εἰς
1154 721 1315 772 μέσοις
1347 717 1505 772 ε’2εγον,
1538 714 1598 767 ὦς
1629 734 1743 772 πεμ-
1762 723 1814 762 54

84 791 243 846 φθεῖεν
274 783 361 829 ὑπὸ
394 788 481 828 τιῦν
515 788 795 840 Γεβεωνιτῶν
835 788 908 828 καὶ
938 788 1025 828 τῶν
1059 789 1298 841 περιοίκων
1329 784 1504 827 nme-mv
1535 787 1746 828 πλεῖστον

84 851 341 909 ἀπεχουσῶν
361 854 496 910 τῆσδε
516 856 593 910 τῆς
622 856 700 909 γῆς
731 853 1022 910 ποιησόμενοι
1054 852 1167 908 πρὸς
1201 849 1358 902 αύτούς
1389 854 1544 909 φιλίαν
1577 849 1649 908 ἐφ’
1678 851 1748 902 αἷς

83 921 272 979 πάτριον
305 917 454 971 αὐτοῖς
486 920 578 964 ἐστι
611 921 875 978 συνθήκαις·
906 921 1130 976 μαθόντες
1160 920 1241 976 γὰρ
1275 920 1319 962 ἐκ
1346 923 1456 963 θεοῦ
1475 920 1654 975 χάριτος
1675 921 1747 962 καὶ

83 990 250 1046 δωρεᾶς
278 987 357 1045 τὴν
389 992 658 1031 Χαναναίων
690 985 840 1039 αι’-τοῖς
869 991 946 1044 γῆν
977 988 1231 1045 κτήσασθαι
1258 984 1475 1030 δεδόσθαι
1497 987 1671 1037 τούτοις
1701 982 1742 1028 τ’

83 1056 228 1114 ἔλεγον
266 1052 461 1113 ἥδεσθαι
502 1057 573 1098 καὶ
615 1056 805 1106 πολίτας
837 1051 988 1106 &gloc-v
1021 1052 1164 1098 αυτιῦν
1203 1059 1427 1110 γενέσθαι.
1488 1057 1557 1098 καὶ
1593 1055 1634 1097 οἱ
1665 1055 1744 1108 μὲν
1762 1060 1814 1099 55

81 1127 220 1168 ταῦτα
252 1125 447 1179 λέγοντες
477 1124 550 1165 καὶ
583 1121 904 1174 ἐπιδεικνύντες
934 1122 989 1166 τὰ
1016 1123 1227 1179 τεκιιήρια
1249 1126 1324 1179 τῖς
1346 1121 1610 1178 ὁδοιπορίας
1631 1139 1749 1178 παρ-

83 1191 262 1236 εκάλουν
285 1190 362 1234 ἐπὶ
384 1190 606 1246 συνθήκας
628 1193 700 1233 καὶ
724 1192 880 1247 φιλίαν
906 1190 1009 1241 τοὺς
1035 1188 1283 1245 Ἑβραίους·
1311 1186 1474 1248 Ἰησοῦς
1497 1191 1542 1232 δὲ
1564 1189 1748 1233 πιστεύ-

84 1274 164 1311 σας
194 1259 260 1310 οἶς
291 1258 450 1315 ἐ’λεγον,
483 1255 544 1308 (ὗς
575 1254 651 1301 οὐκ
683 1257 768 1300 εἰσὶ
799 1261 878 1300 τοῦ
900 1262 1169 1301 Χαναναίων
1201 1257 1372 1309 ἔθνους,
1405 1267 1603 1301 ποιεῖται
1635 1257 1749 1312 πρὸς

84 1323 241 1378 αὐτοὺς
272 1328 440 1384 φιλίαν,
472 1327 545 1369 καὶ
571 1321 639 1369 'Ea
644 1325 826 1382 εάζαρος
848 1323 869 1368 ὃ
895 1322 1118 1382 ἆρχιερεὶς
1137 1324 1248 1379 μετὰ
1270 1343 1319 1367 τι·
1311 1342 1348 1381 ς
1366 1329 1598 1381 γεροισίας
1619 1322 1750 1379 όμνι-

84 1410 154 1439 σιν
193 1393 304 1445 ε’ξειν
332 1410 381 1437 τε
420 1395 578 1451 φίλοις
616 1395 687 1436 καὶ
725 1393 976 1447 σιμιιάχοις
1013 1411 1087 1436 και
1116 1394 1251 1450 μηδὲν
1287 1393 1616 1447 μοχλεύσεσθαι
1646 1387 1743 1434 κατ’

83 1457 226 1506 αὐτῶν
266 1459 417 1504 ἄδικον
453 1470 547 1511 τοῖς
585 1456 732 1517 ὅρκοις
764 1478 796 1503 ε
792 1464 1182 1512 τισιναινέσαντος
1210 1463 1288 1503 τοῦ
1319 1460 1538 1517 πλήθοις.
1598 1462 1672 1502 καὶ
1703 1460 1745 1502 οἱ
1763 1465 1815 1505 56

82 1530 160 1586 μὲν
191 1525 252 1572 ὦν
281 1526 448 1586 ἤθελον
477 1527 678 1582 τυχόντες
719 1527 766 1578 ἐξ
795 1524 970 1585 ἀπάτης
1001 1524 1204 1585 ἀπῄεσαν
1235 1527 1349 1585 πρὸς
1381 1525 1558 1578 αὑτούς.
1586 1523 1750 1584 Ἰησοῦς

84 1597 131 1641 δὲ
166 1600 245 1654 τῆς
282 1600 544 1646 Χαναναίας
584 1596 853 1651 στρατεύσας
899 1595 961 1646 εἷς
999 1594 1077 1652 τὴν
1122 1593 1345 1651 ὑπώρειον
1384 1597 1458 1638 καὶ
1495 1594 1660 1649 μαθών
1700 1591 1749 1637 οὐ

83 1664 237 1722 πόρρω
276 1666 364 1707 τῶν
389 1661 702 1740 Ἱεροσολύμων
742 1661 843 1713 τοὺς
882 1667 1153 1718 Γεβεωνίτας
1192 1666 1523 1719 κατῳκημένους
1561 1664 1633 1704 καὶ
1672 1664 1750 1704 τοῦ

82 1730 266 1789 γένους
252 1729 382 1782 όντας
402 1734 490 1774 τιῦν
511 1734 794 1781 Χαναναίων,
826 1730 1236 1785 μεταπεμψάμενος
1268 1726 1410 1773 αύτιῦν
1435 1729 1537 1780 τοὺς
1569 1729 1612 1772 ἐν
1632 1731 1749 1772 τέλει

83 1802 158 1857 τῆς
189 1795 364 1857 ἀπάτης
396 1794 546 1849 αὐτοῖς
576 1797 782 1842 ενεκά2ει.
831 1800 919 1840 τιῦν
946 1796 988 1840 δ’
1015 1793 1090 1840 οὐκ
1122 1794 1256 1854 ἅ22ην
1288 1793 1494 1854 ἀφορμὴν
1526 1801 1747 1854 σωτηρίας
1764 1802 1815 1841 57

85 1866 195 1922 ε’χειν
224 1860 251 1923 ἢ
281 1865 444 1923 ταύτην
474 1865 876 1923 προφασιζομένων
896 1867 970 1908 καὶ
993 1864 1067 1908 διὰ
1089 1860 1209 1908 τοῦτ
1237 1861 1312 1908 ἐπ)
1340 1861 1473 1921 αὐτὴν
1496 1863 1543 1916 ἐξ
1563 1861 1750 1922 ἀνάγκης

196 1990 218 2034 ξ
244 1991 286 2024 52
310 2007 353 2020 =
377 1989 486 2025 Iosua
508 1988 562 2023 IX
588 1991 641 2023 12.

195 2112 659 2157 ROMSPLELatZonaras
684 2112 701 2147 I
725 2125 761 2159 p.
789 2115 842 2147 78.

199 2173 214 2204 1
243 2165 385 2206 αύτοὺσ
407 2168 472 2204 Ro
499 2166 660 2206 ἓαυτοὺσ
679 2169 807 2204 MSPL
901 2171 920 2202 2
946 2164 1098 2204 *τούτω
1124 2167 1154 2202 L
1241 2170 1260 2201 3
1285 2165 1430 2208 πύστιν]
1456 2166 1601 2201 Bekker
1625 2167 1752 2201 πίστιν

86 2225 188 2261 codd.
211 2226 285 2270 fide
309 2226 381 2260 Lat
458 2221 587 2267 αὐτοῦ]
614 2221 755 2261 αὐτοὺσ
778 2224 842 2259 RO
913 2219 1132 2265 ιῖνύσαντες]
1157 2223 1189 2258 Ε
1215 2219 1433 2260 α’νύσαντασ
1457 2223 1561 2257 codd.
1634 2225 1654 2256 4
1677 2220 1751 2269 γὰρ

86 2291 154 2317 om.
176 2280 241 2317 ΒΟ
347 2285 366 2316 5
393 2274 457 2317 ὅτ’
481 2281 513 2315 Ε
617 2278 795 2326 *ἐξήασιν
818 2280 848 2313 L
959 2282 978 2314 6
1003 2282 1194 2326 τρνχίνασ]
1220 2281 1393 2327 τριχίνασ
1417 2279 1482 2313 RO
1507 2278 1658 2314 cilicinis
1681 2278 1753 2313 Lat

197 2340 329 2379 ταῦτα]
354 2334 498 2374 ταύτασ
522 2338 561 2372 Μ
669 2340 686 2370 7
714 2331 850 2377 αὐτῶν]
876 2331 994 2372 αὐτὸν
1016 2336 1155 2371 ROML
1262 2336 1412 2380 μέσους]
1436 2334 1556 2379 μέσον
1580 2333 1609 2368 O
1635 2333 1751 2368 medio

85 2392 156 2429 Lat
248 2396 268 2428 8
293 2395 546 2440 γαβαωνιτιῦν
569 2392 763 2428 SPLELat
847 2393 1037 2428 πλείστων
1059 2392 1132 2427 ML
1220 2396 1258 2428 11
1285 2395 1448 2437 δωρεαῖσ
1471 2390 1500 2424 P
1580 2384 1750 2431 *αὖτοῖς]

87 2444 227 2486 αὖτοὺσ
250 2449 389 2485 ROML
414 2452 451 2485 et
476 2452 517 2484 ut
541 2449 615 2484 uid.
634 2449 706 2484 Lat
797 2449 1026 2485 *κτίσασθαι
1049 2449 1084 2484 R
1176 2446 1409 2490 *τούτοις-
1425 2450 1465 2482 12
1489 2440 1658 2492 ἥδεσθαι]
1682 2456 1750 2481 om.

84 2504 148 2541 RO
172 2505 228 2541 his
253 2505 388 2540 tributa
411 2506 514 2550 ferre
536 2505 682 2551 §ratari
704 2505 778 2540 Lat
906 2504 960 2546 τ’]
986 2518 1026 2541 τε
1051 2506 1138 2540 λίαν
1162 2505 1214 2540 SP
1351 2506 1392 2538 14
1416 2504 1572 2547 *φιὶλασ
1596 2501 1660 2537 Ro

88 2563 128 2596 15
153 2561 235 2603 εἰσὶ]
260 2558 336 2598 εἷεν
358 2561 487 2596 MSPL
598 2564 638 2595 16
662 2557 898 2608 Ἐλεάζαρος]
923 2559 1084 2608 ἑλεάζαρ
1102 2561 1287 2596 ‘ROMLat
1396 2563 1434 2593 17
1460 2555 1751 2604 μοχλεύσεσθαι]

85 2615 369 2664 μοχλεύσασθαι
392 2617 458 2652 Ro
482 2615 738 2664 μοχλεύεσθαι
762 2617 801 2651 Μ
825 2614 1075 2664 βουλεύεσθαι
1100 2617 1153 2653 SP
1179 2617 1336 2662 coqitari
1356 2617 1427 2651 Lat
1522 2617 1562 2649 18
1586 2613 1753 2650 ἐπισυνε-

86 2673 271 2710 νέσαντοσ
294 2674 325 2709 L
398 2677 438 2709 19
452 2672 494 2717 ἐξ
514 2670 661 2720 ἀπάτης
685 2669 870 2720 οἷπῄεσαν]
895 2671 1202 2719 ἐξαπατήσαντεσ
1225 2671 1343 2719 ἦεσαν
1355 2672 1419 2707 Ro
1444 2667 1753 2715 ἐξαπατήσαντεσ

87 2724 258 2776 οἷπήεσαν
282 2730 336 2765 SP
417 2726 583 2767 α’πίεσαν
605 2731 638 2765 Ε
721 2726 863 2767 αὖτούσ
886 2730 950 2766 RO
976 2727 1136 2766 ἓαυτούσ
1158 2729 1284 2765 MSPL
1361 2731 1402 2763 20
1427 2724 1629 2773 ὑπώρειον]
1653 2723 1753 2763 ὑπώ-

89 2798 173 2832 ριον
194 2785 258 2822 Ro
282 2782 477 2832 ὑπόρειον,
504 2784 525 2823 ό
550 2797 596 2821 ex
612 2781 655 2829 ω’,
680 2800 711 2823 ει
736 2797 780 2821 ex
805 2802 816 2822 ι
843 2797 934 2822 corr.
960 2785 987 2819 P
1014 2782 1216 2830 ὑπώρειαν,
1241 2799 1273 2821 ει
1298 2796 1343 2820 ex
1366 2800 1377 2819 ι
1403 2794 1494 2820 corr.
1518 2794 1564 2817 m.
1589 2785 1607 2816 2
1633 2783 1657 2818 S
1683 2783 1752 2825 (ln)

89 2842 243 2887 confinio
266 2843 544 2888 qabaonitarum
568 2843 640 2878 Lat
747 2845 786 2877 21
814 2843 1063 2889 γαβαωνίτασ
1087 2841 1349 2876 ROSPLELat
1453 2839 1751 2887 κατῳκημένους]

91 2893 425 2945 Ιῦκατωκημὲνουσ,
448 2895 469 2936 ὓ
492 2900 575 2934 add.
600 2899 807 2935 rubricator
829 2899 863 2935 R
885 2897 1196 2942 κατωκισμένουσ
1213 2897 1285 2932 S'2L
1356 2899 1397 2931 22
1422 2897 1539 2936 *τῶν1
1564 2897 1633 2931 τοῦ
1655 2895 1751 2930 MSP

202 2956 244 2989 24
268 2950 389 2997 τοῦτ’]
414 2957 528 2992 τοῦτο
553 2957 618 2991 καὶ
640 2955 681 2990 Μ
