2170 3475
361 242 464 277 XXII
1089 235 1285 271 Praefatio.

361 355 617 408 antiquiores
648 352 862 404 utriusque
892 349 1058 404 generis
1090 348 1241 392 eodem
1273 348 1560 403 derigerentur
1595 352 1637 390 et
1665 347 1816 391 eadem
1846 349 2019 402 regione

361 422 626 464 decurrerent
655 433 705 462 ac
735 431 844 460 nunc
874 416 1042 471 Iosephi
1062 429 1222 459 uersus.
1274 421 1315 459 et
1336 415 1630 468 antiquissima
1650 416 1869 470 scriptura,
1901 416 2018 460 cuius

360 502 495 544 pauca
516 491 673 540 extant,
705 486 825 528 binas
856 498 931 539 per
960 483 1149 537 singulas
1174 484 1352 537 paginas
1384 483 1599 526 columnas
1622 482 1821 536 habebat,
1852 483 2019 528 litterae

361 559 478 598 erant
515 553 771 596 maiusculae
811 551 1076 595 dextrorsum
1105 550 1333 592 inclinatae
1371 550 1518 602 quales
1548 550 1719 593 saeculo
1749 550 1849 604 VH,
1889 554 1934 593 ut
1964 564 2018 594 ex

361 621 566 675 exemplis
598 623 782 674 constat,
813 619 940 662 scribi
972 619 1176 662 solebant.
1235 617 1277 659 in
1307 617 1477 672 Iosephi
1505 618 1576 660 fol.
1602 620 1679 659 162
1709 631 1885 672 summo,
1917 618 2020 661 olim

359 690 454 742 imo,
485 702 582 730 nam
613 688 691 731 hoc
721 687 868 730 folium
897 687 1108 729 inuersum
1134 690 1209 739 est,
1239 685 1434 739 leguntur
1464 688 1660 739 quattuor
1689 698 1836 729 uersus
1866 685 2018 729 litteris

359 756 593 799 uncialibus
622 755 747 798 rectis
778 754 922 809 scripti
952 754 994 796 in
1023 753 1134 796 hune
1164 753 1354 796 modum:

862 863 1494 875 ................
1507 830 1536 884 ¹)

858 916 978 942 τινου
1009 900 1188 941 stoi-ewa
1221 933 1229 941 .
1262 933 1270 940 .

859 984 1024 1022 κωμιον
1057 982 1125 1010 εισ
1154 983 1232 1022 την
1264 984 1290 1007 α

856 1051 956 1090 γιαν
985 1052 1059 1077 και
1075 1035 1109 1090 ²)
1142 1037 1331 1088 σεβασμι

859 1119 908 1145 ον
937 1117 1142 1160 κοιμησιν
1174 1136 1350 1146 .....

860 1202 1452 1214 ···············

360 1260 559 1304 orationis
589 1260 766 1303 alicuius
796 1274 823 1302 a
844 1260 1027 1314 quodam
1050 1259 1512 1314 Constantinopolitano
1545 1257 1808 1312 conscriptae
1840 1257 1908 1300 hie
1937 1257 2018 1301 fuit

359 1329 515 1371 titulus.
573 1328 644 1382 qui
676 1340 769 1369 cum
800 1327 843 1369 in
874 1327 1013 1370 medio
1044 1328 1146 1370 folio
1178 1331 1306 1382 extet,
1336 1331 1514 1381 apparet
1543 1325 1733 1368 codicem
1763 1325 1892 1368 fuisse
1923 1325 2019 1368 mis-

359 1397 592 1438 cellaneum
633 1408 685 1437 ex
724 1394 913 1448 pluribus
951 1395 1117 1449 scriptis
1157 1393 1446 1448 compositum.
1508 1393 1605 1436 huic
1643 1394 1877 1448 scripturae
1912 1393 2020 1436 anti-

360 1464 587 1516 quissimae
617 1464 704 1505 alia
733 1463 902 1505 saeculo
933 1463 1020 1504 fere
1042 1462 1127 1504 XII
1152 1461 1325 1504 inducta
1346 1465 1422 1514 est,
1455 1474 1564 1513 quae
1585 1461 1791 1503 columnis
1813 1461 2020 1515 neglectis

359 1544 434 1586 per
472 1534 604 1573 totum
643 1530 791 1573 folium
836 1543 981 1572 uersus
1024 1530 1233 1584 perduxit.
1301 1528 1390 1571 eius
1432 1533 1601 1570 seruata
1645 1534 1742 1570 sunt
1786 1541 2022 1583 perpauca:

359 1598 429 1640 fol.
460 1601 532 1639 170
564 1599 717 1651 legitur
756 1597 803 1639 δε
840 1595 897 1652 μὴ
940 1595 984 1638 ἐκ
1020 1596 1200 1652 cpi-oecon
1231 1595 1382 1651 νεύρου
1414 1597 1500 1637 τῶν
1530 1599 1698 1649 μορίων
1729 1593 1773 1637 ἐκ
1804 1629 2023 1640 ......

362 1697 536 1707 .....
568 1663 636 1706 εἰσ
667 1660 798 1707 αὐτὸν
830 1698 838 1707 .
872 1698 879 1707 .
913 1698 921 1706 .
955 1697 964 1706 .
997 1697 1005 1706 .
1039 1697 1070 1716 .,
1101 1663 1212 1706 unde
1242 1664 1421 1718 physica
1441 1668 1514 1705 aut
1534 1663 1700 1706 medica
1719 1662 1763 1705 in
1785 1663 1845 1706 eis
1865 1663 2023 1718 scripta

360 1733 489 1775 fuisse
521 1732 654 1775 conici
684 1737 833 1786 potest.
894 1737 1076 1774 ceterum
1109 1745 1256 1774 moneo
1288 1745 1356 1773 me
1385 1745 1467 1773 non
1498 1731 1558 1774 ita
1588 1731 1776 1773 codicem
1807 1730 1917 1774 hunc
1947 1744 2023 1786 pa·

361 1800 624 1854 limpscstum
664 1803 886 1852 tractasse,
926 1805 971 1840 ut
1011 1799 1151 1841 omnia
1185 1812 1293 1851 quae
1325 1799 1509 1853 conspici
1540 1803 1712 1853 possent
1742 1799 2022 1853 perlegerem,

360 1866 437 1909 sed
476 1868 534 1908 ita
575 1872 735 1909 tantum
774 1879 840 1908 me
872 1880 966 1909 eum
997 1867 1254 1920 excussisse,
1291 1870 1336 1907 ut
1367 1866 1517 1908 certior
1546 1865 1691 1908 fierem
1722 1879 1789 1907 me
1818 1879 1902 1908 non
1933 1866 2022 1908 the-

360 1947 529 1977 saurum
568 1935 826 1988 repperissc;
868 1939 1043 1989 possunt
1082 1939 1223 1976 tamen
1264 1946 1315 1975 ea
1354 1946 1542 1987 quoque,
1585 1946 1694 1986 quae
1731 1934 1808 1974 snb
1839 1934 2021 1988 Iosepho

361 2003 505 2054 latent,
538 2003 714 2044 alicuius
744 2002 915 2045 utilitati
944 2002 1159 2045 inseruire.
1208 2001 1378 2055 Iosephi
1400 2001 1555 2042 contuli
1586 2001 1795 2053 quaedam
1816 2014 1870 2044 ex
1903 2001 2022 2044 libris

361 2069 583 2122 XI—XX,
615 2083 666 2111 cx
699 2070 882 2124 epitoma
912 2070 998 2111 alia
1028 2068 1194 2111 addidit
1223 2070 1271 2110 A.
1295 2069 1404 2109 Mau.

474 2137 512 2178 l1.
544 2136 677 2179 codex
709 2137 1097 2190 Hennebergensis,
1138 2149 1247 2177 nunc
1285 2136 1566 2178 bibliothecae
1605 2137 1817 2190 gymnasii
1847 2136 2020 2179 Schlen-

361 2205 580 2259 singcnsis,
604 2204 862 2258 chartaceus,
887 2205 1056 2247 saeculo
1079 2206 1167 2246 fere
1189 2203 1269 2244 XV
1292 2203 1423 2245 nitide
1445 2203 1637 2256 scriptus,
1668 2204 1744 2245 sed
1767 2204 1879 2247 male
1901 2204 2020 2247 habi-

360 2276 448 2325 tus,
488 2278 533 2313 ut
571 2286 681 2314 nunc
720 2272 888 2314 mutilus
932 2272 1007 2325 sit,
1047 2271 1230 2314 continet
1266 2272 1445 2325 primum
1486 2271 1783 2324 antiquitatum
1821 2272 2021 2315 librorum

358 2339 479 2382 l—X
511 2340 756 2394 epitomam,
796 2339 862 2381 cui
893 2339 934 2380 in
966 2339 1153 2393 margine
1184 2339 1270 2380 alia
1301 2352 1426 2381 manu
1457 2339 1672 2392 adscripta
1702 2344 1798 2381 sunt
1829 2353 1880 2382 ea
1909 2353 2021 2394 quae

360 2408 402 2449 in
433 2407 705 2449 Busbekiano
736 2406 860 2449 aliter
891 2408 1104 2461 leguntur,
1146 2406 1298 2449 deinde
1330 2407 1566 2460 integrioris
1598 2407 1765 2461 Iosephi
1796 2407 1925 2450 libros
1956 2408 2021 2450 XI

361 2475 524 2516 -Xlx
554 2478 577 2515 -1
609 2477 634 2526 ξ
664 2478 687 2514 2
720 2474 806 2516 fin.:
853 2474 1059 2527 ὸωρεῑται
1098 2473 1199 2523 τοὺς
1234 2475 1614 2530 σ(ι)ματοφι·λακας
1645 2477 2022 2529 πεντακισχιλίαις

362 2542 573 2596 ὸραχμαῑς
613 2540 721 2583 κατὰ
762 2541 941 2583 ἕκαστον
983 2538 1120 2595 ἄνδρα
1151 2549 1244 2590 τοῖς
1281 2557 1324 2583 τε
1369 2538 1488 2597 ἡγεξ.
1545 2549 1775 2596 sequuntur
1805 2542 1887 2586 duo
1917 2544 2024 2588 folia

361 2624 486 2651 manu
519 2609 666 2652 cadem
698 2610 847 2653 litteris
879 2609 1022 2663 paullo
1055 2609 1284 2651 maioribus
1321 2610 1497 2664 scripta,
1538 2610 1579 2651 in
1611 2610 1761 2662 quibus
1792 2610 1885 2654 finis
1918 2612 2021 2655 belli

361 2676 519 2719 Iudaici
552 2678 679 2729 inest3
712 2690 738 2718 a
768 2676 906 2719 uerbis
938 2674 1047 2717 εἶναι
1077 2675 1125 2716 τὸ
1159 2675 1433 2732 κομψότατον
1464 2671 1582 2718 οὗτοι
1617 2675 1663 2731 (11]
1705 2682 1846 2720 mirer
1876 2681 1973 2731 (VH
1995 2682 2020 2722 9

361 2748 384 2794 ξ
412 2749 426 2785 1
463 2745 592 2798 med.)
623 2758 755 2799 usque
785 2744 838 2787 ad
872 2742 993 2798 παρὰ
1033 2744 1182 2785 πᾶσαν
1213 2743 1290 2798 ’τὴν
1319 2742 1492 2800 γραφήν
1523 2743 1837 2801 ἕστοχασάιιιιιν.
1897 2747 2021 2796 τέλος

360 2813 437 2867 τῆς
469 2811 668 2867 Immjscor
693 2811 911 2865 ἰουόαϊκῆς
933 2809 1151 2860 ἁλώσεως.
1204 2825 1302 2866 crgo
1333 2816 1374 2854 ct
1395 2812 1689 2865 antiquitatum
1713 2825 1809 2866 pars
1832 2819 2022 2858 extrema

480 2994 508 3027 l)
535 2989 621 3024 nihil
647 2993 808 3034 apparet.
928 2993 958 3030 2)
983 3004 1042 3025 και
1071 2991 1229 3026 dubium.
