2160 3439
234 449 311 489 193

233 718 311 758 194

234 989 312 1029 195

235 1257 313 1298 196

237 1595 315 1635 197

339 197 421 235 330
816 192 979 236 ANTIQ.
1003 191 1100 228 IUD.
1125 191 1159 227 V
1184 194 1361 228 192—197
1387 195 1480 235 (1V2.
1496 195 1527 236 3)

342 308 480 364 εἰσῄει
509 306 586 349 τὸν
611 302 823 384 Ἰούδην,
828 303 886 361 μὴ
930 303 1149 361 διαμάρτῃ
1180 305 1253 346 καὶ
1283 302 1340 361 μὴ
1375 304 1438 360 δῷ
1466 308 1643 377 καιρίαν
1673 305 1856 362 πληγήν.
1907 301 2004 349 ἀνί-

343 390 496 432 στησιν
527 372 602 416 οὖν
634 368 767 415 αύτὸν
797 388 905 428 οναρ
937 370 1078 414 εἰπών
1105 371 1217 425 ε’χειν
1238 370 1284 413 ἐκ
1303 371 1643 428 προστάγματος
1666 367 1784 428 αὐτῶ
1807 373 2004 430 δηλῶσαι

341 445 420 486 τοῦ
451 443 577 484 θεοῦ.
637 441 709 483 καὶ
741 436 763 482 5
796 439 876 494 μὲν
907 437 1022 494 πρὸς
1060 437 1138 494 τὴν
1174 437 1316 495 χαρὰν
1347 438 1424 493 τὴν
1461 441 1540 482 τοῦ
1579 435 1807 494 ὀνείρατος
1838 435 2004 496 ἀνεπή-

342 512 471 566 δησεν
503 505 592 551 ἀπὸ
626 509 704 550 τοῦ
743 506 933 563 θρόνου,
973 505 1144 563 πλήξας
1184 501 1225 547 δ’
1253 501 1385 548 αὐτὸν
1410 501 1573 564 Ἰούδης
1611 506 1673 557 εἰς
1703 505 1782 563 τὴν
1818 505 2004 561 καρδίαν

340 579 413 621 καὶ
443 576 492 620 τὸ
526 575 722 633 ξιφίδιον
753 572 1058 630 ἐγκαταλιπών
1092 572 1228 624 ἔξεισι
1259 574 1528 628 προσκλίνας
1556 573 1634 630 τὴν
1665 573 1824 628 θύραν.
1885 573 1933 617 οἵ
1958 590 2007 616 τε

341 644 619 701 θεράποντες
649 638 838 699 ἠρέμουν
870 641 933 691 εἷς
962 636 1102 683 ὕπνον
1132 639 1389 697 τετράφθαι
1420 640 1669 694 νομίζοντες
1697 639 1774 684 τὸν
1803 642 2006 696 βασιλέα.

456 716 494 756 3.
522 709 569 755 Ὁ
601 706 641 753 δ’
661 706 824 767 Ἰούδης
843 717 938 759 τοῖς
963 705 1280 763 Ἱεριχουντίοις
1302 703 1623 765 ἀποσημαίνων
1643 711 1846 763 κρυπτῶς
1865 724 2008 764 παρε·

341 781 464 824 κάλει
494 782 570 837 τῆς
603 779 859 834 ἐλευθερίας
881 771 1309 830 ἀντιλαμβάνεσθαι.
1361 775 1403 818 οἱ
1435 771 1476 817 δ’
1513 771 1713 829 ἀσμένως
1744 771 2009 827 ἀκούσαντες

344 844 471 891 αὐτοί
499 863 547 890 τε
589 846 651 896 εἷς
688 844 743 888 τὰ
783 839 904 887 ὅπλα
941 840 1077 900 ᾔεσαν
1115 843 1189 885 καὶ
1229 842 1479 897 διέπεμπον
1518 842 1582 893 εἷς
1615 842 1694 899 τὴν
1729 842 1876 899 χώραν
1907 841 2010 893 τοὺς

345 911 736 972 ἀποσημαίνοντας
774 914 951 968 κέρασιν
993 909 1120 953 οἰῶν·
1157 909 1332 961 τούτοις
1369 908 1452 965 γὰρ
1490 912 1717 966 συγκαλεῖν
1748 909 1798 953 τὸ
1831 911 2012 966 πλῆθος
2065 922 2083 939 *’

344 983 548 1040 πάτριον.
609 981 651 1024 οἱ
694 980 740 1023 δὲ
778 980 884 1034 περὶ
918 977 995 1021 τὸν
1021 973 1208 1033 Ἐγλῶνα
1247 976 1388 1020 πολὺν
1426 977 1505 1032 μὲν
1540 977 1698 1033 χρόνον
1736 973 1920 1034 ἠγνόουν
1956 976 2007 1021 τὸ

345 1049 618 1108 συμβεβηκὸς
650 1043 770 1103 αὐτῷ
801 1047 978 1097 πάθος,
1011 1044 1109 1088 ἐπεὶ
1143 1044 1189 1087 δὲ
1220 1043 1335 1100 πρὸς
1366 1043 1559 1100 ἑσπέραν
1589 1035 1664 1101 ἧν,
1697 1044 1922 1096 δείσαντες
1950 1043 2009 1101 μή

343 1136 388 1162 τι
418 1118 629 1173 νεώτερον
661 1116 728 1173 ε’ίη
760 1117 864 1172 περὶ
898 1109 1029 1156 αὐτὸν
1059 1108 1247 1168 γεγονός,
1280 1111 1494 1168 εἰσῆλθον
1526 1111 1589 1162 εἰς
1618 1110 1668 1155 τὸ
1695 1111 1918 1167 δωμάτιον
1937 1113 2011 1156 καὶ

345 1185 494 1240 νεκρὸν
526 1182 727 1240 εὑρόντες
758 1182 802 1226 ἐν
834 1179 1055 1239 ἀμηχανίᾳ
1084 1179 1450 1258 καθειστήκεσαν,
1481 1182 1553 1223 καὶ
1585 1182 1693 1236 πρὶν
1713 1179 1792 1236 τὴν
1813 1178 2012 1237 φρουρὰν

347 1255 655 1310 συστραφῆναι
683 1250 732 1293 τὸ
765 1253 853 1292 τῶν
878 1245 1159 1306 Ἰσραηλιτῶν
1191 1243 1341 1298 αὐτοῖς
1369 1246 1601 1304 επέρχεται
1622 1249 1815 1304 πλῆθος.
1864 1248 1938 1290 καὶ
1970 1246 2014 1290 οἱ
2068 1262 2076 1298 j
2108 1259 2113 1263 '
2156 1264 2160 1271 ·

344 1321 423 1375 μὲν
454 1321 724 1376 παραχρῆμα
755 1314 1055 1373 ἀναιροῦνται,
1088 1315 1130 1358 οἱ
1162 1311 1202 1357 δ
1230 1315 1293 1365 εἰς
1323 1315 1464 1372 φῑγὴν
1494 1318 1734 1371 τρέπονται
1755 1311 1816 1366 ῶς
1837 1313 1913 1358 ἐπὶ
1934 1312 2013 1371 τὴν

345 1392 589 1443 ΠΙωαβῖτιν
627 1385 963 1444 σωθησόιιενοι,
1006 1399 1116 1441 ησαν
1158 1383 1205 1425 δὲ
1243 1380 1356 1438 ὑπὲρ
1395 1387 1589 1437 μυρίοις.
1647 1383 1720 1425 καὶ
1746 1377 2014 1439 Ἰσραηλῖται

346 1455 753 1512 προκατειληφότες
782 1456 860 1496 τοῦ
884 1449 1106 1508 Ἰορδάνου
1136 1449 1216 1507 τὴν
1244 1450 1452 1505 διάβασιν
1476 1450 1742 1500 διώκοντες’
1729 1449 1920 1493 ε’κτεινον
1939 1450 2014 1492 καὶ

345 1523 456 1567 κατὰ
494 1523 572 1581 τὴν
612 1522 819 1577 διάβασιν
858 1519 1054 1570 πολλούς
1093 1514 1236 1561 αὐτῶν
1278 1514 1533 1574 ἀναιροῦσι,
1573 1518 1753 1574 διέφυγέ
1783 1533 1831 1560 τε
1870 1512 2015 1568 οὐδεὶς

347 1592 426 1643 τὰς
453 1601 603 1648 χεῖρας
634 1585 792 1632 αὐτῶν.
851 1589 925 1631 καὶ
957 1587 999 1630 οἱ
1034 1587 1114 1641 μὲν
1139 1583 1334 1642 Ἑβραῖοι
1364 1585 1507 1642 τούτῳ
1537 1587 1600 1641 τῶ
1631 1584 1785 1641 τρόπω
1816 1586 1894 1641 τῆς
1924 1580 2013 1627 ὖπὸ
2057 1598 2070 1617 -’

346 1669 439 1710 τοῖς
461 1662 733 1713 ΖΠωαβίταις
755 1657 958 1706 δουλείας
979 1650 1310 1712 ἀπηλλάγησαν,
1327 1649 1490 1710 Ἰούδης
1513 1648 1553 1695 δ’
1577 1669 1621 1695 εκ
1642 1654 1719 1708 τῆς
1741 1651 1888 1702 αἰτίας
1907 1650 2016 1694 ταύ-

346 1743 424 1784 της
453 1727 662 1783 τιμηθεὶς
692 1727 745 1780 τῇ
775 1726 853 1766 τοῦ
884 1722 1091 1779 πληθοις
1122 1720 1290 1771 παντὸς
1319 1719 1530 1778 ἡγεμονία
1560 1721 1741 1778 τελευτᾷ
1772 1718 1850 1776 τὴν
1882 1714 2016 1775 ἆρχην

349 1794 490 1837 ε’τεσιν
521 1789 787 1849 ὀγδοήκοντα
818 1790 1059 1843 κατασχών,
1093 1785 1201 1845 ἀνὴρ
1232 1791 1305 1832 καὶ
1338 1790 1437 1843 δίχα
1458 1791 1536 1845 τῆς
1556 1789 1878 1844 προειρημένης
1898 1781 2016 1842 πρά-

350 1862 457 1913 ξεως
502 1860 687 1904 ἐπαίνου
734 1859 903 1908 δίκαιος
940 1857 1180 1912 τιγχάνειν.
1253 1858 1327 1899 καὶ
1366 1855 1478 1910 μετὰ
1523 1858 1678 1899 τοῦτον
1716 1853 1947 1910 Σαάγαρος
1991 1850 2014 1897 ὅ

348 1925 545 1972 Ἀνάθου
584 1936 694 1977 παῖς
734 1926 934 1980 αἱρεθεὶς
974 1921 1121 1980 ἄρχειν
1160 1922 1204 1966 ἕν
1234 1926 1297 1979 τῷ
1329 1923 1495 1980 πρώτῳ
1527 1926 1603 1979 τῆς
1635 1921 1767 1979 ἀρχῆς
1797 1921 1886 1964 ἔτει
1915 1938 2017 1963 κατ-
2052 1934 2079 1940 ·’

348 2000 536 2052 έστρεψε
564 1993 641 2038 τὸν
669 1997 782 2048 βίον.

462 2100 482 2139 ξ
512 2099 574 2131 192
599 2111 643 2123 =
667 2094 779 2129 Iudic
807 2093 860 2127 III
888 2096 938 2127 19.

462 2172 929 2211 ROMSPLELatZonaras
953 2170 970 2205 I
994 2182 1031 2215 p.
1059 2173 1100 2204 84
1111 2180 1163 2214 sq.

465 2236 479 2267 1
507 2228 579 2268 τὸν
603 2225 726 2275 α’ώδην
749 2227 779 2262 L
837 2226 1047 2273 διαμάρτῃ,
1072 2242 1092 2272 η
1117 2237 1161 2261 ex
1186 2239 1216 2262 ει
1241 2235 1334 2260 corr.
1360 2224 1393 2259 R
1418 2224 1556 2272 διαμάρ
1581 2224 1620 2258 Μ
1702 2226 1721 2257 3
1747 2221 1815 2270 τὴν
1838 2226 1924 2259 ante
1950 2225 2019 2261 τοῦ

348 2301 416 2326 om.
442 2289 506 2324 RO
613 2282 828 2332 ὀνείρατοσ,
855 2280 934 2320 ὀνεί
957 2284 981 2318 i.
1006 2293 1078 2318 ras,
1104 2282 1128 2318 S
1230 2285 1250 2316 4
1276 2276 1431 2327 *Ἰούδη
1420 2284 1445 2323 ]
1471 2278 1492 2317 ὁ
1519 2279 1646 2326 ἰοί-δησ
1671 2279 1765 2316 MSP
1791 2276 1812 2316 5
1837 2275 1965 2327 α’ώδησ
1988 2279 2019 2315 L

463 2348 483 2379 6
506 2338 782 2390 ἐγκαταλιπὼν]
807 2337 1028 2377 καταλιπὼν
1044 2338 1118 2374 ΜΕ
1211 2338 1456 2384 προσκλίνας]
1483 2338 1743 2383 προσκλεισασ
1767 2335 1957 2379 MLELat,
1980 2336 2020 2371 in

348 2413 417 2448 quo
442 2406 477 2436 et
501 2401 662 2435 clausam
686 2398 833 2432 ianuam
858 2396 1049 2441 dereliquit
1129 2398 1146 2428 ἵ
1173 2394 1211 2430 δὲ
1237 2394 1399 2429 MSPLE
1470 2389 1642 2439 *Ἰούδης]
1667 2388 1793 2438 α’ώδησ
1809 2392 1840 2427 L
1909 2396 2020 2439 *κρυ-

351 2505 466 2545 πτῶς]
490 2468 674 2548 κρύῖρτῖιωσ
697 2499 725 2534 Ρ
797 2502 815 2532 S
831 2498 868 2534 δὲ
881 2497 987 2532 MLE
1058 2492 1302 2538 ἀκούσαντες]
1316 2495 1422 2532 τοῦτ’
1435 2491 1674 2531 α’κούσαντεσ
1688 2493 1741 2528 SP
1755 2492 1822 2528 hoc
1835 2492 2022 2529 audientes

350 2559 422 2594 Lat
530 2560 549 2591 9
575 2553 715 2592 *αὐτοί
740 2568 835 2591 τε-
853 2558 892 2589 10
918 2549 1252 2599 ἀποσημαίνοντας
1278 2563 1344 2588 om.
1371 2551 1509 2586 ROLat
1626 2553 1665 2585 10
1692 2549 1794 2591 οἰῶν]
1820 2546 1907 2591 ῧῶν,
1932 2545 1952 2586 5
1975 2559 2021 2585 ex

352 2615 390 2651 οἰ
413 2625 504 2650 corr.
521 2613 560 2648 M
586 2608 679 2648 ὀίων
698 2611 784 2646 SPL
859 2614 894 2645 11
923 2607 1100 2656 πάτριον]
1126 2607 1290 2654 πάτριοι·
1313 2603 1357 2654 ἦν
1373 2607 1499 2643 MSPL
1571 2606 1738 2652 αἰγλῶνα
1763 2605 1852 2641 SPE
1877 2601 2022 2652 ἔγλωνα

350 2671 422 2706 ML
496 2671 536 2705 13
562 2665 692 2709 αὖτὸν]
711 2663 903 2704 ἑαυτὸνΜ
976 2663 1389 2711 1ι1καθειστὴκεισανΡ
1406 2660 1741 2709 καθεστήκεσανῙι
1814 2665 1854 2697 15
1879 2657 2021 2709 *ἀπέρ-

349 2740 456 2774 χεται
482 2726 521 2760 Μ
594 2727 634 2759 16
660 2724 696 2760 δὲ
721 2723 848 2758 MSPL
928 2726 966 2757 17
993 2722 1216 2769 *μωαβίτην
1240 2720 1360 2756 R¹SP¹
1442 2716 1536 2765 ἱπὲρ
1560 2720 1727 2764 μυρίους]
1752 2724 2022 2765 peremptorum

352 2784 450 2818 ultra
475 2782 593 2817 decem
620 2781 718 2815 milia
744 2780 816 2816 Lat
926 2782 965 2814 19
992 2774 1121 2820 οὐδεὶς]
1149 2773 1233 2814 οῖ’-δὲ
1258 2772 1315 2813 εἷσ
1339 2775 1433 2811 MSP
1461 2771 1544 2812 οὐδ’
1570 2771 1627 2811 εἷο
1651 2775 1681 2809 L
1791 2776 1829 2809 21
1858 2771 2022 2820 *lei-dna.

353 2840 367 2875 ἰ
387 2840 409 2873 i.
436 2849 507 2874 ras.
534 2849 580 2873 ex
602 2833 624 2884 η’
651 2847 742 2872 corr.
766 2836 795 2871 Ο
821 2830 947 2882 α’ώδησ
973 2835 1003 2869 L
1027 2834 1116 2869 him!
1139 2834 1212 2869 Lat
1348 2827 1382 2867 δ’
1407 2830 1460 2874 ἐκ]
1488 2831 1650 2866 Dindorf
1670 2830 1708 2867 δὲ
1733 2830 1838 2865 codd.
1866 2840 1952 2865 nero
1977 2828 2021 2866 ob

352 2895 460 2936 (hanc
485 2897 644 2934 cansam)
670 2893 740 2928 Lat
834 2894 876 2926 22
901 2886 1078 2928 ἅπαντοσ
1102 2889 1174 2924 ML
1267 2891 1308 2923 23
1334 2886 1468 2933 ἔτεσιν]
1493 2886 1552 2924 ἐπὶ
1580 2885 1702 2924 ἔτεσιν
1726 2886 1758 2922 Ε
1851 2888 1894 2921 24
1919 2882 2022 2924 Σαά-

353 2954 484 2997 γαρος]
516 2949 739 2996 σανάγαροσ
764 2947 837 2982 ΜΕ
870 2945 1046 2993 σάγαροσ
1070 2946 1098 2980 Ρ
1129 2945 1376 2991 σαγαροσμέσ
1401 2945 1424 2980 S
1458 2943 1679 2990 σαμέγαροσ
1704 2943 1734 2978 L
1766 2953 1929 2989 sanaqar
1951 2942 2023 2980 Ltt
