2091 3418
48 925 85 961 10

46 1265 82 1299 1⁵

577 196 737 240 ANTIQ.
765 195 859 231 IUD.
886 196 918 230 11
949 198 1122 230 185—190
1145 199 1319 238 (vus-7)
1692 195 1765 232 121

114 306 328 368 Ἰώσηπον
367 308 584 352 ἐκέλευσεν
627 304 743 364 αὐτῷ
782 309 920 364 λέγειν
957 313 1044 352 τίνι
1081 313 1166 365 ρ’ίῳ
1196 308 1460 364 τερπόμενοι
1492 308 1765 352 διατελοῦσιν

119 375 180 429 ιῦς
211 372 358 427 αὐτοῖς
388 378 540 419 τοῦτον
572 375 828 431 ἐπιτρέψειε
860 376 1039 432 διάγειν.
1088 374 1109 419 ὁ
1145 377 1190 419 δὲ
1221 380 1436 430 ποιμένας
1461 372 1660 432 ἀγαθοὺς
1691 372 1767 419 αὗ·-

118 444 220 496 τοὺς
250 443 367 500 ἔλεγε
396 445 468 486 καὶ
497 444 651 501 μηδενὶ
683 446 769 486 τιῦν
802 441 943 487 ἄλλων
976 438 999 500 ἢ
1029 444 1170 500 τούτῳ
1201 444 1322 499 μόνῳ
1360 448 1659 499 προσανέχειν,
1691 447 1767 487 τοῦ

118 529 165 556 τε
201 511 258 568 μὴ
301 511 678 567 διαζευγνυμένους
717 507 812 553 ἀλλ’
849 511 893 554 ἐν
930 509 1075 567 ταύτῷ
1120 511 1408 567 τυγχάνοντας
1453 511 1769 566 ἐπιμελεῖσθαι

115 582 193 623 τοῦ
224 578 394 633 πατρὸς
415 579 740 633 προνοούμενος
770 582 846 622 τοῦ
878 596 924 621 τε
945 589 1038 630 τοῖς
1059 579 1332 634 Αἰγυπτίοις
1354 577 1464 622 εἶναι
1502 581 1768 636 προσφιλεῖς

117 647 252 705 μηδὲν
283 646 560 702 πράττοντας
589 649 676 690 τιῦν
709 647 850 690 αι’·τιῦν
883 647 1084 697 ἐκείνοις·
1117 647 1389 702 Αἰγυπτίοις
1411 646 1493 703 γὰρ
1526 644 1767 705 ἀπειρημέ-

116 731 191 758 νον
220 705 272 771 ἦν
303 716 405 770 περὶ
440 714 574 768 νομὰς
605 711 980 772 ἀναστρέφεσθαι.

231 787 270 826 6.
307 784 393 825 Τοῦ
425 778 464 824 δ’
486 778 688 837 Ἰακώβου
711 786 1064 839 παραγενομένου
1087 781 1200 838 πρὸς
1219 781 1295 825 τὸν
1315 783 1502 836 βασιλέα
1523 784 1593 826 καὶ
1618 779 1765 825 ἀσπα-

118 849 296 905 ζομένου
327 866 375 892 τε
403 852 476 893 καὶ
498 854 808 905 κατευχομένου
831 852 932 906 περὶ
956 853 1032 906 τῆς
1051 851 1281 905 βασιλείας
1313 846 1429 905 αὐτῷ
1460 847 1482 893 ὁ
1510 850 1767 908 Φαραώθης

115 916 413 969 ἐπυνθάνετο,
452 913 593 960 πόσον
636 915 713 975 ἤδη
745 917 968 973 βεβιωκώς
1007 918 1071 974 εἴη
1100 913 1267 972 χρόνον.
1327 920 1403 960 τοῦ
1435 914 1476 959 δ’
1509 917 1662 960 ἑκατὸν
1692 917 1763 976 ἔτη

113 987 185 1029 καὶ
216 984 450 1041 τριάκοντα
479 989 699 1041 γεγονέναι
730 985 954 1043 φήσαντος
984 984 1214 1039 ἐθαύμασε
1251 987 1327 1027 τοῦ
1358 984 1520 1041 μήκους
1549 988 1625 1042 τῆς
1657 985 1766 1042 ζωῆς

113 1052 190 1097 τὸν
216 1048 433 1107 Ἰάκωβον.
485 1053 688 1104 εἰπόντος
720 1049 760 1095 δ’
788 1050 848 1104 (ὃς
880 1048 1039 1109 ἥττονα
1069 1055 1155 1096 τιῦν
1187 1052 1414 1108 προγόνων
1447 1055 1511 1110 εἴη
1542 1054 1766 1108 βεβιωκώς

114 1121 186 1178 ἔτι]
228 1120 522 1178 συνεχώρησεν
563 1116 679 1176 αὐτῷ
722 1121 794 1177 ζῆν
833 1120 942 1175 μετὰ
981 1123 1068 1163 τῶν
1106 1123 1264 1163 τέκνων
1305 1119 1349 1163 ἐν
1375 1117 1681 1164 (Ηλιουπόλεπ
1721 1120 1766 1164 ἐν

115 1188 253 1245 ἐκείνῃ
284 1188 365 1245 γὰρ
396 1190 466 1231 καὶ
500 1188 541 1231 οἱ
572 1191 780 1242 ποιμένες
811 1184 943 1230 αἰτοῦ
973 1187 1052 1238 τὰς
1084 1187 1219 1242 νομὰς
1250 1186 1376 1241 εἶχον.

226 1261 264 1299 7.
319 1253 365 1299 Ὁ
405 1256 450 1298 δὲ
496 1255 623 1310 λιμὸς
666 1265 759 1306 τοῖς
803 1255 1075 1312 Αἰγυπτίοις
1119 1255 1365 1298 ἐπετείνετο
1411 1257 1481 1298 καὶ
1525 1255 1574 1299 τὸ
1622 1255 1765 1300 δεινὸν

114 1320 398 1382 ἀπορώτερον
429 1323 494 1366 ἔτι
524 1325 594 1366 καὶ
616 1324 782 1378 μᾶλλον
805 1319 953 1374 αὐτοῖς
975 1322 1136 1379 ἐγίνετο
1167 1323 1275 1379 μήτε
1294 1325 1372 1366 τοῦ
1393 1326 1596 1378 ποταμοῦ
1628 1323 1766 1380 ἐπάρ-

115 1391 288 1444 δοντος,
329 1387 378 1434 οὗ
408 1390 490 1447 γὰρ
530 1388 705 1448 ηὔξανε,
746 1390 853 1447 μήτε
886 1386 1035 1441 ἵοντος
1064 1393 1140 1434 τοῦ
1171 1393 1282 1434 θεοῦ
1312 1391 1526 1447 πρόνοιάν
1557 1407 1604 1434 τε
1632 1391 1765 1449 μηδε-

114 1463 220 1514 μίαν
252 1455 393 1502 αῦτιῦν
424 1455 501 1502 ’ὕπ’
529 1455 706 1515 ἀγνοίας
728 1462 1052 1516 πεποιημένων.
1103 1460 1173 1502 καὶ
1204 1461 1282 1502 τοῦ
1307 1454 1523 1516 Ἰωσήπου
1543 1458 1620 1502 τὸν
1643 1468 1764 1503 σῖτον

115 1527 190 1570 ἐπὶ
218 1526 434 1583 χρήμασιν
467 1522 614 1577 αὐτοῖς
645 1526 862 1578 διδόντος,
903 1523 962 1576 ὥς
994 1524 1068 1583 [δὲ]
1102 1522 1225 1568 ταῦτ’
1252 1522 1400 1576 αὐτοῖς
1431 1525 1638 1581 ἐπέλιπε,
1677 1529 1764 1570 τῶν

111 1594 401 1652 βοσκημάτων
433 1593 643 1636 ἐωνοῦντο
674 1592 750 1636 τὸν
782 1603 904 1637 σῖτον
934 1596 1006 1637 καὶ
1035 1596 1123 1636 τιῦν
1162 1589 1475 1650 ἀνδραπόδων·
1516 1593 1582 1644 οἷς
1613 1593 1659 1636 δὲ
1689 1595 1761 1636 καὶ

225 1719 245 1761 ς·
277 1720 335 1752 185
361 1734 404 1746 =
430 1718 518 1754 Gen.
543 1717 679 1753 XLVII
704 1721 734 1752 3.

221 1828 681 1865 ROMSPLELatZonm-as
706 1829 724 1864 Ι
746 1844 781 1879 p.
808 1837 861 1868 50.
911 1828 1145 1865 ExcPeiresc.
1193 1828 1351 1864 Michael
1375 1828 1507 1874 Glycas
1531 1841 1566 1875 p.
1590 1832 1665 1864 274.

225 1889 238 1920 1
266 1885 433 1922 ἐκέλευεν
457 1885 680 1921 Echekker
785 1879 896 1933 αὐτῷ]
922 1886 972 1920 eis
995 1886 1067 1921 Lat
1175 1882 1444 1933 *τερπόμενοι]
1475 1884 1764 1933 διατερπόμενοι

108 1987 147 2022 Μ
239 1955 508 2024 διατελιέὶίεῖινθ
624 1982 680 2021 ὥσ
705 1981 838 2022 αὐτοῖσ
862 1989 1069 2024 διατελοῦσι
1094 1989 1232 2024 τοῦτον
1256 1990 1300 2022 tr.
1328 1987 1367 2021 M
1472 1989 1490 2020 2
1515 1986 1765 2034 ε’πιτρέψειειν

108 2043 259 2079 S¹PExc
365 2043 602 2087 *ποιμαίνασ
618 2043 697 2077 Exc
790 2038 931 2080 αὐτοὺσ
955 2038 1132 2090 α’γαθοὶσ
1154 2045 1198 2078 tr.
1218 2043 1461 2080 MSPLEExc
1569 2047 1587 2079 3
1613 2042 1766 2091 *ἔλεγεν

110 2099 275 2135 S¹P¹Exc
389 2102 502 2135 τοῦτο
527 2098 572 2133 P¹
687 2096 794 2147 μόνῳ
820 2109 887 2134 om.
914 2099 942 2135 Ο
1058 2102 1127 2136 τοῦ
1150 2102 1203 2141 τε]
1228 2097 1351 2136 τούτω
1375 2100 1409 2136 R
1433 2102 1554 2143 τοῦτε,
1579 2114 1619 2137 τε
1642 2100 1666 2135 i.
1691 2111 1763 2136 ras.

108 2201 153 2225 m.
180 2191 199 2224 2
223 2189 251 2225 P
322 2192 342 2223 4
366 2187 629 2234 διαζευμένουσ
652 2189 691 2223 Μ
715 2189 996 2236 ὃιεζευγμένουσ
1019 2190 1099 2225 Exc
1174 2186 1310 2239 ταύτῷ]
1337 2185 1439 2227 αι’-τῶ
1462 2190 1525 2226 Ro
1601 2193 1620 2224 5
1646 2203 1763 2237 προσ-

109 2294 237 2337 φιλεῖς]
261 2294 388 2337 yratus
412 2290 483 2326 Lat
581 2292 601 2324 6
626 2287 878 2336 πράττοντας]
909 2289 1225 2337 προστάττοντασ
1250 2291 1328 2326 Exc
1430 2295 1446 2324 ’ἰ
1474 2293 1570 2338 περὶ]
1597 2249 1699 2338 ἕρεδῖξ
1723 2292 1763 2326 Μ

221 2349 240 2382 8
266 2347 304 2383 δὲ
326 2346 568 2381 MSPLEExc
659 2342 960 2392 *α’σπασαμένου
983 2348 1036 2384 SP
1135 2352 1154 2382 9
1182 2344 1408 2393 Φαραώθης]
1434 2343 1570 2392 φαραώ
1594 2347 1633 2382 Μ
1656 2352 1763 2394 βασι-

110 2399 197 2440 λεὺσ
220 2402 300 2438 Exc
318 2401 465 2448 pharao
488 2402 559 2438 Lat
640 2406 679 2438 10
704 2401 852 2440 πόστον
876 2404 906 2438 L
991 2406 1029 2439 13
1053 2398 1196 2453 *αὐτῷ
1221 2399 1338 2440 αὐτὸν
1361 2403 1394 2438 R
1478 2406 1517 2437 14
1541 2404 1762 2448 *ποιμένεσ,

111 2471 148 2494 οι
169 2458 193 2493 i.
218 2469 290 2494 ras.
315 2469 361 2492 m.
388 2460 407 2492 2
433 2457 457 2492 S
563 2454 662 2495 *τὰσ
686 2458 810 2505 νομὰσ
835 2456 950 2497 αὐτοῦ
974 2462 1017 2496 tr.
1044 2460 1076 2495 L
1185 2463 1225 2495 16
1251 2455 1394 2501 αὐτοῖσ,
1420 2464 1480 2494 οῖσ
1503 2459 1525 2493 i.
1551 2470 1622 2495 ras.
1649 2463 1668 2495 2
1691 2461 1760 2496 litt.

109 2514 286 2558 repictum
310 2513 334 2549 S
426 2517 613 2558 ποταμοῦ]
639 2518 761 2552 ποτοῦ
782 2516 827 2551 P¹
918 2514 1162 2563 ἐπάρδοντος]
1191 2514 1258 2562 τὴν
1281 2518 1350 2561 γῆν
1372 2512 1612 2562 ἐπάρδοντοσ
1634 2516 1761 2552 MSPL

110 2569 262 2604 ExeLat
390 2573 428 2604 17
455 2567 596 2616 ηὔξανε]
620 2566 702 2618 ηὖξε
726 2566 845 2619 (ηὖξεν
869 2573 1048 2614 S¹P¹Exc)
1075 2572 1242 2607 SPLExc
1266 2567 1441 2618 [ἐνέβαινε
1463 2570 1502 2605 in
1526 2575 1619 2616 spat.
1644 2583 1760 2609 uacuo

112 2625 228 2670 suppl.
253 2635 299 2659 m.
330 2628 341 2659 1
368 2625 408 2660 M
432 2626 613 2662 crescebat
635 2632 674 2662 ut
703 2639 779 2664 mos
809 2632 886 2664 erat
911 2629 981 2664 Lat
1116 2622 1263 2670 ὕοντος]
1288 2624 1405 2664 ῦντὸσ
1428 2627 1461 2662 R
1484 2624 1707 2672 ὑετίζοντοσ
1731 2629 1760 2664 O

225 2683 265 2716 18
290 2678 432 2718 ἑαυτῶν
454 2683 579 2719 MSPL
605 2680 728 2721 αὑτῶν
748 2685 843 2720 Exc.
919 2680 987 2721 ἀπ’
1005 2679 1168 2730 α’γνοίασ
1191 2684 1221 2718 L
1246 2681 1458 2729 ὓπαγνοιάν
1475 2683 1553 2720 Exc
1649 2688 1688 2720 19
1714 2688 1761 2721 δι-

1629 2754 1650 2776 τ
1683 2755 1728 2777 αυ

110 2778 254 2824 δόντος]
279 2781 340 2816 fin.
367 2781 444 2818 Exc
518 2783 557 2821 δὲ
581 2795 647 2820 om.
672 2786 744 2821 Lat
765 2788 864 2821 recte
956 2780 1066 2821 ταῦτ’
1093 2781 1233 2826 αὐτοῖς]
1259 2778 1367 2820 τοῦτ>
1393 2779 1525 2821 αὖτοῖσ
1548 2785 1581 2820 R
1605 2788 1761 2823 ταῦτοῖσ

108 2837 148 2872 Μ
171 2833 280 2874 ταῦτ’
297 2833 469 2884 ammian,
494 2835 540 2876 αὖ
564 2851 654 2876 corr.
677 2853 723 2877 ex
747 2856 767 2879 o
785 2862 792 2869 -
811 2862 838 2885 ·‚
863 2847 948 2877 τοῖσ
972 2841 1053 2876 add.
1071 2852 1116 2876 m.
1138 2843 1153 2876 1
1180 2840 1204 2875 S
1229 2843 1345 2877 ταῦτα
1370 2836 1503 2877 αὖτοῖσ
1526 2841 1554 2875 Ρ
1578 2841 1630 2877 eis
1654 2842 1761 2878 etiam

108 2892 175 2929 hoo
197 2893 268 2929 Lat
358 2892 520 2937 ἐπέλιπε]
545 2891 722 2935 α’πέλειπε
745 2898 785 2932 Μ
808 2897 979 2934 ἐπέλειπε
1002 2897 1033 2930 L
1057 2891 1215 2933 α’πέλιπε
1239 2896 1272 2931 Ε
1296 2894 1568 2934 ἐπιλειπόντων
1595 2897 1673 2934 Zon

109 2951 150 2984 20
175 2945 372 2986 *ὠνοῦντο
399 2950 483 2986 SPL
575 2954 665 2990 *καὶ
691 2964 757 2990 om.
783 2953 847 2989 ΒΟ
940 2954 1057 2994 *τῶν]
1083 2949 1152 2989 τὸν
1175 2952 1208 2987 R

1802 382 1879 421 186

1800 787 1876 828 187

1799 922 1876 963 188

1799 1259 1876 1300 189

1796 1599 1873 1638 190
